@article{juszczyk_human_2011,
	title = {The human proximal femur behaves linearly elastic up to failure under physiological loading conditions},
	volume = {44},
	issn = {00219290},
	url = {http://linkinghub.elsevier.com/retrieve/pii/S0021929011004325},
	doi = {10.1016/j.jbiomech.2011.05.038},
	number = {12},
	note = "[Accessed on 2013-12-14]",
	journal = {Journal of Biomechanics},
	author = {Juszczyk, Mateusz Maria and Cristofolini, Luca and Viceconti, Marco},
	month = aug,
	year = {2011},
	pages = {2259--2266},
},

@book{gray_anatomy_1918,
	address = {Philadelphia},
	edition = {20th},
	title = {Anatomy of the Human Body},
	isbn = {1-58734-102-6},
	publisher = {Lea \& Febiger},
	author = {Gray, Henry and {Warren Harmon Lewis}},
	year = {1918},
},

@article{kingsley_study_1948,
	title = {A study to determine the angle of anteversion of the neck of the femur},
	volume = {{30A}},
	issn = {0021-9355},
	url = {http://www.ncbi.nlm.nih.gov/pubmed/18109784},
	number = {3},
	note = "[Accessed on 2010-10-21]",
	journal = {The Journal of Bone and Joint Surgery. American Volume},
	author = {Kingsley, Paul C. and Olmsted, K. L.},
	month = jul,
	year = {1948},
	pages = {745--751},
},

@article{backman_proximal_1957,
	title = {The proximal end of the femur: investigations with special reference to the etiology of femoral neck fractures; anatomical studies; roentgen projections; theoretical stress calculations; experimental production of fractures},
	volume = {146},
	issn = {0365-5954},
	shorttitle = {The proximal end of the femur},
	url = {http://www.ncbi.nlm.nih.gov/pubmed/13435002},
	note = "[Accessed on 2010-11-03]",
	journal = {Acta Radiologica. Supplementum},
	author = {Backman, S},
	year = {1957},
	pages = {1--166},
},

@article{stewart_fracture_1957,
	title = {Fracture Of Neck Of Femur: Survival And Contralateral Fracture},
	volume = {2},
	issn = {0007-1447},
	shorttitle = {Fracture Of Neck Of Femur},
	url = {http://www.jstor.org/stable/25384197},
	number = {5050},
	note = "[Accessed on 2011-09-02]",
	journal = {The British Medical Journal},
	author = {Stewart, I. M.},
	month = oct,
	year = {1957},
	pages = {922--924},
},

@article{jacobson_x-ray_1964,
	title = {X-Ray Spectrophotometry in Vivo},
	volume = {Vol: 91},
	url = {http://www.osti.gov/energycitations/product.biblio.jsp?osti_id=4143053},
	note = "[Accessed on 2013-07-22]",
	journal = {American Journal of Roentgenology, Radium Therapy and Nuclear Medicine},
	author = {Jacobson, B.},
	month = jan,
	year = {1964},
},

@article{bolotin_patient-specific_2003,
	title = {Patient-Specific {DXA} Bone Mineral Density Inaccuracies: Quantitative Effects of Nonuniform Extraosseous Fat Distributions},
	volume = {18},
	copyright = {Copyright {\textcopyright} 2003 {ASBMR}},
	issn = {1523-4681},
	shorttitle = {Patient-Specific {DXA} Bone Mineral Density Inaccuracies},
	doi = {10.1359/jbmr.2003.18.6.1020},
	number = {6},
	note = "[Accessed on 2013-12-16]",
	journal = {Journal of Bone and Mineral Research},
	author = {Bolotin, Hh and Siev{\"a}nen, H and Grashuis, Jl},
	year = {2003},
	pages = {1020{\textendash}1027},
},

@article{mcelhaney_dynamic_1966,
	title = {Dynamic response of bone and muscle tissue.},
	volume = {21},
	issn = {8750-7587, 1522-1601},
	url = {http://jap.physiology.org/content/21/4/1231},
	number = {4},
	note = "[Accessed on 2013-07-23]",
	journal = {Journal of Applied Physiology},
	author = {{McElhaney}, J. H.},
	month = jul,
	year = {1966},
	pages = {1231--1236},
},

@article{singh_changes_1970,
	title = {Changes in trabecular pattern of the upper end of the femur as an index of osteoporosis},
	volume = {52},
	issn = {0021-9355},
	url = {http://www.ncbi.nlm.nih.gov/pubmed/5425640},
	number = {3},
	note = "[Accessed on 2011-02-03]",
	journal = {The Journal of Bone and Joint Surgery American},
	author = {Singh, M and Nagrath, A R and Maini, P S},
	month = apr,
	year = {1970},
	pages = {457--467},
},

@article{bonfield_elastic_1973,
	title = {Elastic deformation of compact bone},
	volume = {8},
	issn = {0022-2461, 1573-4803},
	url = {http://link.springer.com/article/10.1007/BF00754894},
	doi = {10.1007/BF00754894},
	number = {11},
	note = "[Accessed on 2013-07-23]",
	journal = {Journal of Materials Science},
	author = {Bonfield, W. and Clark, E. A.},
	month = nov,
	year = {1973},
	pages = {1590--1594},
},

@article{crowninshield_response_1974,
	title = {The response of compact bone in tension at various strain rates},
	volume = {2},
	url = {http://www.springerlink.com/index/m832u7373275m81t.pdf},
	number = {2},
	note = "[Accessed on 2012-12-06]",
	journal = {Annals of Biomedical Engineering},
	author = {Crowninshield, R. D. and Pope, M. H.},
	year = {1974},
	pages = {217{\textendash}225},
},

@article{gustafsson_x_1974,
	title = {X ray spectrophotometry for bone-mineral determinations},
	volume = {12},
	issn = {0025-{696X}, 1741-0444},
	url = {http://link.springer.com/article/10.1007/BF02629842},
	doi = {10.1007/BF02629842},
	number = {1},
	note = "[Accessed on 2013-07-22]",
	journal = {Medical and Biological Engineering},
	author = {Gustafsson, Lennart and Jacobson, Bertil and Kusoffsky, Leif},
	month = jan,
	year = {1974},
	pages = {113--119},
},

@article{reilly_mechanical_1974,
	title = {The Mechanical Properties of Cortical Bone},
	volume = {56},
	issn = {0021-9355},
	url = {http://dx.doi.org/},
	number = {5},
	note = "[Accessed on 2013-07-22]",
	journal = {The Journal of Bone \& Joint Surgery},
	author = {{REILLY}, {DONALD} T. and {BURSTEIN}, {ALBERT} H.},
	month = jul,
	year = {1974},
	pages = {1001--1022},
},

@article{saha_instrumented_1974,
	title = {Instrumented tensile-impact tests of bone},
	volume = {14},
	url = {http://www.springerlink.com/index/MW7L27777J1L2RH0.pdf},
	number = {12},
	note = "[Accessed on 2012-12-05]",
	journal = {Experimental Mechanics},
	author = {Saha, S. and Hayes, W. C.},
	year = {1974},
	pages = {473{\textendash}478},
},

@article{currey_effects_1975,
	title = {The effects of strain rate, reconstruction and mineral content on some mechanical properties of bovine bone},
	volume = {8},
	issn = {0021-9290},
	url = {http://www.sciencedirect.com/science/article/pii/0021929075900469},
	doi = {10.1016/0021-9290(75)90046-9},
	number = {1},
	note = "[Accessed on 2012-12-05]",
	journal = {Journal of Biomechanics},
	author = {Currey, {J.D.}},
	year = {1975},
	pages = {81--86},
},

@inproceedings{powell_cadaver_1975,
	title = {Cadaver Femur Responses to Longitudinal Impacts},
	url = {http://dx.doi.org/10.4271/751160},
	note = "[Accessed on 2014-01-11]",
	doi = {10.4271/751160},
	publisher = {{SAE} International},
	author = {Powell, William R. and Ojala, Steven J. and Advani, Sunder H. and Martin, R. Bruce},
	year = {1975},
},

@article{reilly_elastic_1975,
	title = {The elastic and ultimate properties of compact bone tissue},
	volume = {8},
	issn = {0021-9290},
	url = {http://www.sciencedirect.com/science/article/pii/0021929075900755},
	doi = {10.1016/0021-9290(75)90075-5},
	number = {6},
	note = "[Accessed on 2013-07-21]",
	journal = {Journal of Biomechanics},
	author = {Reilly, Donald T. and Burstein, Albert H.},
	year = {1975},
	pages = {393--405},
},

@article{carter_bone_1976,
	title = {Bone compressive strength: the influence of density and strain rate},
	volume = {194},
	issn = {0036-8075},
	shorttitle = {Bone compressive strength},
	url = {http://www.ncbi.nlm.nih.gov/pubmed/996549},
	number = {4270},
	note = "[Accessed on 2011-10-24]",
	journal = {Science},
	author = {Carter, D R and Hayes, W C},
	month = dec,
	year = {1976},
	pages = {1174--1176},
},

@article{hayes_postyield_1976,
	title = {Postyield behavior of subchondral trabecular bone},
	volume = {10},
	issn = {1097-4636},
	doi = {10.1002/jbm.820100409},
	number = {4},
	note = "[Accessed on 2011-10-24]",
	journal = {Journal of Biomedical Materials Research},
	author = {Hayes, W. C and Carter, D. R},
	month = jul,
	year = {1976},
	pages = {537--544},
},

@article{wright_tensile_1976,
	title = {Tensile testing of bone over a wide range of strain rates: effects of strain rate, microstructure and density},
	volume = {14},
	url = {http://www.ncbi.nlm.nih.gov/entrez/query.fcgi?cmd=Retrieve&db=PubMed&dopt=Citation&list_uids=994579},
	number = {6},
	journal = {Medical and Biological Engineering},
	author = {Wright, T. M. and Hayes, W. C.},
	year = {1976},
	pages = {671--80},
	note = "[Accessed on 2014-01-11]",
},

@article{carter_compressive_1977,
	title = {The compressive behavior of bone as a two-phase porous structure},
	volume = {59},
	number = {7},
	journal = {The Journal of Bone and Joint Surgery American},
	author = {Carter, D. R. and Hayes, W. C.},
	year = {1977},
	pages = {954--62},
},

@article{carter_mechanical_1978,
	title = {Mechanical Properties and Composition of Cortical Bone},
	issn = {0009-{921X}},
	url = {http://ovidsp.ovid.com/ovidweb.cgi?T=JS&CSC=Y&NEWS=N&PAGE=fulltext&D=ovfta&AN=00003086-197809000-00041},
	note = "[Accessed on 2013-07-23]",
	journal = {Clinical Orthopaedics \& Related Research September 1978},
	author = {Carter, Dennis R. {PH.D.} and Spengler, Dan M. {M.D.}},
	year = {1978},
	pages = {192--217},
},

@article{robertson_compressive_1978,
	title = {Compressive strength of mandibular bone as a function of microstructure and strain rate},
	volume = {11},
	issn = {0021-9290},
	url = {http://www.sciencedirect.com/science/article/pii/002192907890057X},
	doi = {10.1016/0021-9290(78)90057-X},
	number = {10{\textendash}12},
	note = "[Accessed on 2012-12-07]",
	journal = {Journal of Biomechanics},
	author = {Robertson, Diane Margel and Smith, Dennis C.},
	year = {1978},
	pages = {455--471},
},

@article{schlesinger_terminology_1979,
	title = {Terminology for model credibility},
	volume = {32},
	issn = {0037-5497, 1741-3133},
	url = {http://sim.sagepub.com/content/32/3/103},
	doi = {10.1177/003754977903200304},
	number = {3},
	note = "[Accessed on 2013-08-22]",
	journal = {{SIMULATION}},
	author = {Schlesinger, Stewart and Crosbie, Roy and Gagne, Roland and Innis, Geroge and Lalwani, {C.S.} and Loch, Joseph and Sylvester, Richard and Wright, Richard and Kheir, Naim and Bartos, Dale},
	month = mar,
	year = {1979},
	pages = {103--104},
},

@article{carter_tensile_1980,
	title = {Tensile fracture of cancellous bone},
	volume = {51},
	issn = {0001-6470},
	number = {5},
	journal = {Acta Orthopaedica Scandinavica},
	author = {Carter, D R and Schwab, G H and Spengler, D M},
	month = oct,
	year = {1980},
	note = {{PMID:} 7468167},
	pages = {733--741},
},

@inproceedings{cesari_evaluation_1980,
	address = {Warrendale, {PA}},
	title = {Evaluation of Pelvic Fracture Tolerance in Side Impact},
	url = {http://digitallibrary.sae.org/searchresults/},
	doi = {10.4271/801306},
	note = "[Accessed on 2013-07-19]",
	booktitle = {{SAE} Transactions},
	publisher = {{SAE} International},
	author = {Cesari, Dominique and Ramet, Michelle and Clair, Pierre-Yves},
	month = sep,
	year = {1980},
},

@inproceedings{cesari_pelvic_1982,
	address = {Warrendale, {PA}},
	title = {Pelvic Tolerance and Protection Criteria in Side Impact},
	url = {http://digitallibrary.sae.org/searchresults/},
	doi = {10.4271/821159},
	note = "[Accessed on 2013-07-19]",
	booktitle = {{SAE} Transactions},
	publisher = {{SAE} International},
	author = {Cesari, Dominique and Ramet, Michelle},
	month = feb,
	year = {1982},
},

@article{weintroub_osteoarthritis_1982,
	title = {Osteoarthritis of the Hip and Fractures of the Proximal End of the Femur},
	volume = {53},
	copyright = {{\textcopyright} 1982 Informa {UK} Ltd All rights reserved: reproduction in whole or part not permitted},
	url = {http://informahealthcare.com/doi/abs/10.3109/17453678208992213},
	number = {2},
	note = "[Accessed on 2011-07-27]",
	journal = {Acta Orthopaedica},
	author = {Weintroub, S. and {J. Papo} and {M. Ashkenazi} and {R. Tardiman} and {S. L. Weissman} and {R. Salama}},
	year = {1982},
	pages = {261--264},
},

@article{williams_properties_1982,
	title = {Properties and an Anisotropic Model of Cancellous Bone From the Proximal Tibial Epiphysis},
	volume = {104},
	url = {http://dx.doi.org/10.1115/1.3138303},
	doi = {10.1115/1.3138303},
	number = {1},
	note = "[Accessed on 2012-01-18]",
	journal = {Journal of Biomechanical Engineering},
	author = {Williams, J. L. and Lewis, J. L.},
	month = feb,
	year = {1982},
	pages = {50--56},
},

@article{ruff_cross-sectional_1983,
	title = {Cross-sectional geometry of Pecos Pueblo femora and {tibiae{\textemdash}A} biomechanical investigation: I. Method and general patterns of variation},
	volume = {60},
	copyright = {Copyright {\textcopyright} 1983 Wiley-Liss, Inc., A Wiley Company},
	issn = {1096-8644},
	shorttitle = {Cross-sectional geometry of Pecos Pueblo femora and {tibiae{\textemdash}A} biomechanical investigation},
	doi = {10.1002/ajpa.1330600308},
	number = {3},
	note = "[Accessed on 2013-09-09]",
	journal = {American Journal of Physical Anthropology},
	author = {Ruff, Christopher B. and Hayes, Wilson C.},
	year = {1983},
	pages = {359{\textendash}381},
},

@article{stone_multiaxial_1983,
	title = {Multiaxial strength characteristics of trabecular bone},
	volume = {16},
	issn = {0021-9290},
	url = {http://www.sciencedirect.com/science/article/pii/0021929083900830},
	doi = {10.1016/0021-9290(83)90083-0},
	number = {9},
	note = "[Accessed on 2013-07-25]",
	journal = {Journal of Biomechanics},
	author = {Stone, John L. and Beaupre, Gary S. and Hayes, Wilson C.},
	year = {1983},
	pages = {743--752},
},

@article{harrigan_characterization_1984,
	title = {Characterization of microstructural anisotropy in orthotropic materials using a second rank tensor},
	volume = {19},
	issn = {0022-2461, 1573-4803},
	url = {http://www.springerlink.com/content/m38821850827766n/},
	doi = {10.1007/BF00540446},
	number = {3},
	note = "[Accessed on 2011-12-15]",
	journal = {Journal of Materials Science},
	author = {Harrigan, T. P. and Mann, R. W.},
	month = mar,
	year = {1984},
	pages = {761--767},
},

@article{parfitt_age-related_1984,
	title = {Age-related structural changes in trabecular and cortical bone: Cellular mechanisms and biomechanical consequences},
	volume = {36},
	issn = {0171-{967X}},
	shorttitle = {Age-related structural changes in trabecular and cortical bone},
	url = {http://www.springerlink.com/content/5r41p47616264053/},
	doi = {10.1007/BF02406145},
	number = {S1},
	note = "[Accessed on 2011-03-17]",
	journal = {Calcified Tissue International},
	author = {Parfitt, A. M.},
	month = mar,
	year = {1984},
	pages = {S123--S128},
},

@article{gibson_mechanical_1985,
	title = {The mechanical behaviour of cancellous bone},
	volume = {18},
	issn = {0021-9290},
	url = {http://www.sciencedirect.com/science/article/pii/0021929085902878},
	doi = {10.1016/0021-9290(85)90287-8},
	number = {5},
	note = "[Accessed on 2011-10-24]",
	journal = {Journal of Biomechanics},
	author = {Gibson, {L.J.}},
	year = {1985},
	pages = {317--328},
},

@article{bland_statistical_1986,
	title = {Statistical Methods for Assessing Agreement Between Two Methods of Clinical Measurement},
	volume = {327},
	issn = {0140-6736},
	shorttitle = {Originally published as Volume 1, Issue 8476},
	url = {http://www.sciencedirect.com/science/article/pii/S0140673686908378},
	doi = {10.1016/S0140-6736(86)90837-8},
	number = {8476},
	note = "[Accessed on 2013-01-23]",
	journal = {The Lancet},
	author = {Bland, J. Martin and Altman, {DouglasG.}},
	month = feb,
	year = {1986},
	pages = {307--310},
},

@article{masoud_longitudinal_1986,
	title = {A longitudinal study of the growth of the New Zealand white rabbit: cumulative and biweekly incremental growth rates for body length, body weight, femoral length, and tibial length},
	volume = {4},
	issn = {0736-0266},
	shorttitle = {A longitudinal study of the growth of the New Zealand white rabbit},
	url = {http://www.ncbi.nlm.nih.gov/pubmed/3712130},
	doi = {10.1002/jor.1100040211},
	number = {2},
	note = "[Accessed on 2011-01-06]",
	journal = {Journal of Orthopaedic Research: Official Publication of the Orthopaedic Research Society},
	author = {Masoud, I and Shapiro, F and Kent, R and Moses, A},
	year = {1986},
	pages = {221--231},
},

@book{wolff_law_1986,
	title = {Law of Bone Remodelling.},
	isbn = {{354016281X}, 9783540162810},
	url = {http://books.google.ca/books?id=XolsAAAAMAAJ},
	note = "[Accessed on 2014-01-11]",
	publisher = {Springer-Verlag},
	author = {Wolff, Julius and Maquet, P. and Furlong, R.},
	year = {1986},
},

@article{goldstein_mechanical_1987,
	title = {The mechanical properties of trabecular bone: dependence on anatomic location and function},
	volume = {20},
	shorttitle = {The mechanical properties of trabecular bone},
	number = {11-12},
	journal = {Journal of Biomechanics},
	author = {Goldstein, {S.A.}},
	year = {1987},
	pages = {1055{\textendash}1061},
},

@article{parfitt_trabecular_1987,
	title = {Trabecular bone architecture in the pathogenesis and prevention of fracture},
	volume = {82},
	number = {1},
	journal = {The American Journal of Medicine},
	author = {Parfitt, {A.M.}},
	year = {1987},
	pages = {68{\textendash}72},
},

@article{turner_dependence_1987,
	title = {Dependence of elastic constants of an anisotropic porous material upon porosity and fabric},
	volume = {22},
	issn = {0022-2461, 1573-4803},
	url = {http://link.springer.com/article/10.1007/BF01161180},
	doi = {10.1007/BF01161180},
	number = {9},
	note = "[Accessed on 2013-07-22]",
	journal = {Journal of Materials Science},
	author = {Turner, Charles H. and Cowin, Stephen C.},
	month = sep,
	year = {1987},
	pages = {3178--3184},
},

@article{yuki_yoshioka_anatomy_1987,
	title = {The anatomy and functional axes of the femur},
	volume = {69},
	issn = {0021-9355},
	url = {http://dx.doi.org/},
	number = {6},
	note = "[Accessed on 2013-03-08]",
	journal = {The Journal of Bone \& Joint Surgery},
	author = {{Yuki Yoshioka} and {David Siu} and {T. Derek} and {V. Cooke}},
	month = jul,
	year = {1987},
	pages = {873--880},
},

@article{harrigan_limitations_1988,
	title = {Limitations of the continuum assumption in cancellous bone},
	volume = {21},
	issn = {0021-9290},
	url = {http://www.sciencedirect.com/science/article/pii/0021929088902576},
	doi = {10.1016/0021-9290(88)90257-6},
	number = {4},
	note = "[Accessed on 2012-02-10]",
	journal = {Journal of Biomechanics},
	author = {Harrigan, Timothy P. and Jasty, Murali and Mann, Robert W. and Harris, William H.},
	year = {1988},
	pages = {269--275},
},

@article{mosekilde_age-related_1988,
	title = {Age-related changes in vertebral trabecular bone architecture{\textendash}assessed by a new method},
	volume = {9},
	number = {4},
	journal = {Bone},
	author = {Mosekilde, L.},
	year = {1988},
	pages = {247{\textendash}250},
},

@article{odgaard_compressive_1989,
	title = {Compressive axial strain distributions in cancellous bone specimens},
	volume = {22},
	number = {8-9},
	journal = {Journal of biomechanics},
	author = {Odgaard, A. and Hvid, I. and Linde, F.},
	year = {1989},
	pages = {829{\textendash}835},
},

@article{viano_biomechanics_1989,
	title = {Biomechanics of the human chest, abdomen, and pelvis in lateral impact},
	volume = {21},
	issn = {0001-4575},
	url = {http://www.sciencedirect.com/science/article/pii/0001457589900705},
	doi = {16/0001-4575(89)90070-5},
	number = {6},
	note = "[Accessed on 2011-07-27]",
	journal = {Accident Analysis and Prevention},
	author = {Viano, David C. and Lau, Ian V. and Asbury, Corbin and King, Albert I. and Begeman, Paul},
	month = dec,
	year = {1989},
	pages = {553--574},
},

@inproceedings{cavanaugh_biomechanical_1990,
	address = {Warrendale, {PA}},
	title = {Biomechanical Response and Injury Tolerance of the Pelvis in Twelve Sled Side Impacts},
	url = {http://papers.sae.org/902305},
	note = "[Accessed on 2011-07-12]",
	booktitle = {{SAE} Transactions},
	publisher = {{SAE} International},
	author = {Cavanaugh, John M. and Walilko, Timothy J. and Malhotra, Anita and Zhu, Yonghua and King, Albert I.},
	month = nov,
	year = {1990},
},

@article{lotz_use_1990,
	title = {The use of quantitative computed tomography to estimate risk of fracture of the hip from falls},
	volume = {72},
	number = {5},
	note = "[Accessed on 2010-11-03]",
	journal = {Journal of Bone and Joint Surgery American},
	author = {Lotz, {JC} and Hayes, {WC}},
	month = jun,
	year = {1990},
	pages = {689--700},
},

@article{lotz_mechanical_1990,
	title = {Mechanical properties of trabecular bone from the proximal femur: a quantitative {CT} study},
	volume = {14},
	issn = {0363-8715},
	shorttitle = {Mechanical properties of trabecular bone from the proximal femur},
	url = {http://www.ncbi.nlm.nih.gov/pubmed/2298972},
	number = {1},
	note = "[Accessed on 2010-11-03]",
	journal = {Journal of Computer Assisted Tomography},
	author = {Lotz, J C and Gerhart, T N and Hayes, W C},
	month = feb,
	year = {1990},
	pages = {107--114},
},

@article{turner_fabric_1990,
	title = {The fabric dependence of the orthotropic elastic constants of cancellous bone},
	volume = {23},
	number = {6},
	journal = {Journal of Biomechanics},
	author = {Turner, {C.H.} and Cowin, {S.C.} and Rho, {J.Y.} and Ashman, {R.B.} and Rice, {J.C.}},
	year = {1990},
	pages = {549{\textendash}561},
},

@article{grisso_risk_1991,
	title = {Risk Factors for Falls as a Cause of Hip Fracture in Women},
	volume = {324},
	issn = {0028-4793},
	url = {http://dx.doi.org/10.1056/NEJM199105093241905},
	note = "[Accessed on 2014-01-11]",
	doi = {doi: 10.1056/NEJM199105093241905},
	number = {19},
	journal = {New England Journal of Medicine},
	author = {Grisso, Jeane Ann and Kelsey, Jennifer L. and Strom, Brian L. and Ghiu, Grace Y. and Maislin, Greg and {O'Brien}, Linda A. and Hoffman, Susie and Kaplan, Frederick},
	month = may,
	year = {1991},
	pages = {1326--1331},
},

@article{linde_mechanical_1991,
	title = {Mechanical properties of trabecular bone. Dependency on strain rate},
	volume = {24},
	issn = {0021-9290},
	url = {http://www.sciencedirect.com/science/article/pii/0021929091903057},
	doi = {10.1016/0021-9290(91)90305-7},
	number = {9},
	note = "[Accessed on 2011-10-24]",
	journal = {Journal of Biomechanics},
	author = {Linde, Frank and N{\o}rgaard, Peter and Hvid, Ivan and Odgaard, Anders and S{\o}balle, Kjeld},
	year = {1991},
	pages = {803--809},
},

@article{lotz_fracture_1991,
	title = {Fracture prediction for the proximal femur using finite element models: Part {II}--Nonlinear analysis},
	volume = {113},
	url = {http://www.ncbi.nlm.nih.gov/entrez/query.fcgi?cmd=Retrieve&db=PubMed&dopt=Citation&list_uids=1762431},
	number = {4},
	journal = {Journal of Biomechanical Engineering},
	author = {Lotz, J. C. and Cheal, E. J. and Hayes, W. C.},
	year = {1991},
	pages = {361--5},
	note = "[Accessed on 2014-01-11]",
},

@article{lotz_fracture_1991-1,
	title = {Fracture prediction for the proximal femur using finite element models: Part {I}--Linear analysis},
	volume = {113},
	url = {http://www.ncbi.nlm.nih.gov/entrez/query.fcgi?cmd=Retrieve&db=PubMed&dopt=Citation&list_uids=1762430},
	number = {4},
	journal = {Journal of Biomechanical Engineering},
	author = {Lotz, J. C. and Cheal, E. J. and Hayes, W. C.},
	year = {1991},
	pages = {353--60},
	note = "[Accessed on 2014-01-11]",
},

@article{lotz_mechanical_1991,
	title = {Mechanical properties of metaphyseal bone in the proximal femur},
	volume = {24},
	url = {http://www.ncbi.nlm.nih.gov/entrez/query.fcgi?cmd=Retrieve&db=PubMed&dopt=Citation&list_uids=2050708},
	number = {5},
	journal = {Journal of Biomechanics},
	author = {Lotz, J. C. and Gerhart, T. N. and Hayes, W. C.},
	year = {1991},
	pages = {317--29},
	note = "[Accessed on 2014-01-11]",
},

@article{reikeras_is_1991,
	title = {Is there a relationship between femoral anteversion and leg torsion?},
	volume = {20},
	issn = {0364-2348},
	url = {http://www.ncbi.nlm.nih.gov/pubmed/1925671},
	number = {6},
	note = "[Accessed on 2010-10-24]",
	journal = {Skeletal Radiology},
	author = {Reiker{\r a}s, O},
	year = {1991},
	pages = {409--411},
},

@article{robinovitch_prediction_1991,
	title = {Prediction of femoral impact forces in falls on the hip},
	volume = {113},
	issn = {0148-0731},
	url = {http://www.ncbi.nlm.nih.gov/pubmed/1762432},
	doi = {10.1115/1.2895414},
	number = {4},
	note = "[Accessed on 2010-11-04]",
	journal = {Journal of Biomechanical Engineering},
	author = {Robinovitch, S N and Hayes, W C and {McMahon}, T A},
	month = nov,
	year = {1991},
	pages = {366--374},
},

@article{braten_femoral_1992,
	title = {Femoral anteversion in normal adults. Ultrasound measurements in 50 men and 50 women},
	volume = {63},
	issn = {0001-6470},
	url = {http://www.ncbi.nlm.nih.gov/pubmed/1738965},
	number = {1},
	note = "[Accessed on 2010-10-24]",
	journal = {Acta Orthopaedica Scandinavica},
	author = {Br{\r a}ten, M and Terjesen, T and Rossvoll, I},
	month = feb,
	year = {1992},
	pages = {29--32},
},

@article{carter_new_1992,
	title = {New approaches for interpreting projected bone densitometry data},
	volume = {7},
	copyright = {Copyright {\textcopyright} 1992 {ASBMR}},
	issn = {1523-4681},
	doi = {10.1002/jbmr.5650070204},
	number = {2},
	note = "[Accessed on 2013-07-26]",
	journal = {Journal of Bone and Mineral Research},
	author = {Carter, Dennis R. and Bouxsein, Mary L. and Marcus, Robert},
	year = {1992},
	pages = {137{\textendash}145},
},

@article{evans_response_1992,
	title = {The response of equine cortical bone to loading at strain rates experienced in vivo by the galloping horse},
	volume = {24},
	copyright = {{\textcopyright} 1992 {EVJ} Ltd},
	issn = {2042-3306},
	doi = {10.1111/j.2042-3306.1992.tb02796.x},
	number = {2},
	note = "[Accessed on 2012-12-05]",
	journal = {Equine Veterinary Journal},
	author = {Evans, G. P. and Behiri, J. C. and Vaughan, L. C. and Bonfield, W.},
	year = {1992},
	pages = {125{\textendash}128},
},

@article{hodgskinson_youngs_1992,
	title = {Young's modulus, density and material properties in cancellous bone over a large density range},
	volume = {3},
	issn = {0957-4530, 1573-4838},
	url = {http://link.springer.com/article/10.1007/BF00705371},
	doi = {10.1007/BF00705371},
	number = {5},
	note = "[Accessed on 2013-07-19]",
	journal = {Journal of Materials Science: Materials in Medicine},
	author = {Hodgskinson, R. and Currey, J. D.},
	month = sep,
	year = {1992},
	pages = {377--381},
},

@article{lyritis_epidemiology_1992,
	title = {Epidemiology and socieconomic cost of osteoporotic fractures in Greece},
	volume = {51},
	url = {http://www.springerlink.com/index/J502856841762433.pdf},
	number = {2},
	note = "[Accessed on 2013-03-13]",
	journal = {Calcified tissue international},
	author = {Lyritis, George},
	year = {1992},
	pages = {93{\textendash}94},
},

@book{little_experimental_1992,
	address = {Amsterdam},
	title = {Experimental Mechanics: Technology Transfer Between High Tech Engineering and Biomechanics (Clinical Aspects of Biomedicine)},
	isbn = {0444895809},
	publisher = {Elsevier Science},
	author = {Viceconti, Marco and Toni, Aldo and Giunti, A.},
	editor = {Little, {E.G.}},
	year = {1992},
},

@article{weber_proximal_1992,
	title = {Proximal femur strength: Correlation of the rate of loading and bone mineral density},
	volume = {22},
	journal = {{ASME} Advances in Bioengineering},
	author = {Weber, T. and Yang, K. and Woo, R. and Fitzgerald, R. J.},
	year = {1992},
	pages = {111--114},
},

@article{faulkner_simple_1993,
	title = {Simple measurement of femoral geometry predicts hip fracture: The study of osteoporotic fractures},
	volume = {8},
	issn = {1523-4681},
	shorttitle = {Simple measurement of femoral geometry predicts hip fracture},
	doi = {10.1002/jbmr.5650081008},
	number = {10},
	note = "[Accessed on 2011-09-19]",
	journal = {Journal of Bone and Mineral Research},
	author = {Faulkner, Kenneth G and Cummings, Steven R and Black, Dennis and Palermo, Lisa and Gl{\"u}er, {Claus-C} and Genant, Harry K},
	month = oct,
	year = {1993},
	pages = {1211--1217},
},

@article{keene_mortality_1993,
	title = {Mortality and morbidity after hip fractures.},
	volume = {307},
	issn = {0959-8138},
	url = {http://www.ncbi.nlm.nih.gov/pmc/articles/PMC1679389/},
	number = {6914},
	note = "[Accessed on 2013-07-14]",
	journal = {{BMJ} : British Medical Journal},
	author = {Keene, G S and Parker, M J and Pryor, G A},
	month = nov,
	year = {1993},
	pages = {1248--1250},
},

@article{linde_effect_1993,
	title = {The effect of different storage methods on the mechanical properties of trabecular bone},
	volume = {26},
	issn = {0021-9290},
	url = {http://www.sciencedirect.com/science/article/B6T82-4BYSJC5-15Y/2/4432c4edbf9ffd2ad8c0dc1f5e41b921},
	doi = {10.1016/0021-9290(93)90072-M},
	number = {10},
	note = "[Accessed on 2010-12-06]",
	journal = {Journal of Biomechanics},
	author = {Linde, Frank and S{\o}rensen, Hans Christian Florian},
	month = oct,
	year = {1993},
	pages = {1249--1252},
},

@article{maitland_read_1993,
	title = {Read my hips: measuring trochanteric soft tissue thickness},
	volume = {52},
	shorttitle = {Read my hips},
	url = {http://www.springerlink.com/index/H0426068QV0776N4.pdf},
	number = {2},
	note = "[Accessed on 2013-02-19]",
	journal = {Calcified tissue international},
	author = {Maitland, Lauri A. and Myers, Elizabeth R. and Hipp, John A. and Hayes, Wilson C. and Greenspan, Susan L.},
	year = {1993},
	pages = {85{\textendash}89},
},

@article{mccalden_age-related_1993,
	title = {Age-related changes in the tensile properties of cortical bone. The relative importance of changes in porosity, mineralization, and microstructure},
	volume = {75},
	number = {8},
	note = "[Accessed on 2011-03-17]",
	journal = {Journal of Bone and Joint Surgery American},
	author = {{McCalden}, {RW} and {McGeough}, {JA} and Barker, {MB} and Court-Brown, {CM}},
	month = aug,
	year = {1993},
	pages = {1193--1205},
},

@article{melton_hip_1993,
	title = {Hip fractures: a worldwide problem today and tomorrow},
	volume = {14 Suppl 1},
	issn = {8756-3282},
	shorttitle = {Hip fractures},
	url = {http://www.ncbi.nlm.nih.gov/pubmed/8110512},
	note = "[Accessed on 2011-09-07]",
	journal = {Bone},
	author = {Melton, L J, 3rd},
	year = {1993},
	pages = {S1--8},
},

@article{miller_femoral_1993,
	title = {Femoral version and neck shaft angle},
	volume = {13},
	issn = {0271-6798},
	url = {http://www.ncbi.nlm.nih.gov/pubmed/8496377},
	number = {3},
	note = "[Accessed on 2010-10-24]",
	journal = {Journal of Pediatric Orthopedics},
	author = {Miller, F and Merlo, M and Liang, Y and Kupcha, P and Jamison, J and Harcke, H T},
	month = jun,
	year = {1993},
	pages = {382--388},
},

@article{snijders_transfer_1993,
	title = {Transfer of lumbosacral load to iliac bones and legs: Part 1: Biomechanics of self-bracing of the sacroiliac joints and its significance for treatment and exercise},
	volume = {8},
	issn = {0268-0033},
	shorttitle = {Transfer of lumbosacral load to iliac bones and legs},
	url = {http://www.sciencedirect.com/science/article/pii/026800339390002Y},
	doi = {10.1016/0268-0033(93)90002-Y},
	number = {6},
	note = "[Accessed on 2013-07-18]",
	journal = {Clinical Biomechanics},
	author = {Snijders, {C.J.} and Vleeming, A. and Stoeckart, R.},
	month = nov,
	year = {1993},
	pages = {285--294},
},

@book{apple_prevention_1994,
	title = {Prevention of Falls and Hip Fractures in the Elderly},
	isbn = {9780892031016},
	publisher = {American Academy of Orthopaedic Surgeons},
	author = {Apple, David F. and Hayes, Wilson C.},
	month = jan,
	year = {1994},
},

@article{burger_association_1994,
	title = {The association between age and bone mineral density in men and women aged 55 years and over: The Rotterdam Study},
	volume = {25},
	shorttitle = {The association between age and bone mineral density in men and women aged 55 years and over},
	number = {1},
	journal = {Bone and Mineral},
	author = {Burger, H. and Van Daele, {PLA} and Algra, D. and Van den Ouweland, {FA} and Grobbee, {DE} and Hofman, A. and Van Kuijk, C. and Schutte, {HE} and Birkenhager, {JC} and Pols, {HAP}},
	year = {1994},
	pages = {1{\textendash}13},
},

@article{compston_connectivity_1994,
	title = {Connectivity of cancellous bone: Assessment and mechanical implications},
	volume = {15},
	issn = {8756-3282},
	shorttitle = {Connectivity of cancellous bone},
	url = {http://www.sciencedirect.com/science/article/pii/8756328294902674},
	doi = {10.1016/8756-3282(94)90267-4},
	number = {5},
	note = "[Accessed on 2012-01-31]",
	journal = {Bone},
	author = {Compston, {J.E.}},
	month = oct,
	year = {1994},
	pages = {463--466},
},

@article{courtney_effects_1994,
	title = {Effects of loading rate on strength of the proximal femur},
	volume = {55},
	issn = {0171-{967X}},
	url = {http://www.springerlink.com/content/rgg88811473015r8/},
	doi = {10.1007/BF00310169},
	number = {1},
	note = "[Accessed on 2010-10-27]",
	journal = {Calcified Tissue International},
	author = {Courtney, A. C. and Wachtel, E. F. and Myers, E. R. and Hayes, W. C.},
	month = jul,
	year = {1994},
	pages = {53--58},
},

@article{fyhrie_failure_1994,
	title = {Failure mechanisms in human vertebral cancellous bone},
	volume = {15},
	issn = {8756-3282},
	url = {http://www.sciencedirect.com/science/article/B6T4Y-4BWV5HH-M/2/d254ae7ad958084c26695537b89dd02b},
	doi = {10.1016/8756-3282(94)90900-8},
	number = {1},
	note = "[Accessed on 2011-03-17]",
	journal = {Bone},
	author = {Fyhrie, {D.P.} and Schaffler, {M.B.}},
	month = jan,
	year = {1994},
	pages = {105--109},
},

@article{ferguson_fractures_2010,
	title = {Fractures of the acetabulum in patients aged 60 years and older {AN} {EPIDEMIOLOGICAL} {AND} {RADIOLOGICAL} {STUDY}},
	volume = {92-B},
	issn = {2049-4394, 2049-4408},
	url = {http://www.bjj.boneandjoint.org.uk.ezproxy.library.ubc.ca/content/92-B/2/250},
	doi = {10.1302/0301-620X.92B2.22488},
	number = {2},
	note = "[Accessed on 2013-12-16]",
	journal = {Journal of Bone \& Joint Surgery, British Volume},
	author = {Ferguson, T. A. and Patel, R. and Bhandari, M. and Matta, J. M.},
	month = feb,
	year = {2010},
	pages = {250--257},
},

@article{genant_universal_1994,
	title = {Universal standardization for dual X-ray absorptiometry: Patient and phantom cross-calibration results},
	volume = {9},
	copyright = {Copyright {\textcopyright} 1994 {ASBMR}},
	issn = {1523-4681},
	shorttitle = {Universal standardization for dual X-ray absorptiometry},
	doi = {10.1002/jbmr.5650091002},
	number = {10},
	note = "[Accessed on 2013-07-22]",
	journal = {Journal of Bone and Mineral Research},
	author = {Genant, Harry K. and Grampp, Stephan and Gl{\"u}er, Claus C. and Faulkner, Kenneth G. and Jergas, Michael and Engelke, Klaus and Hagiwara, Satoshi and van Kuijk, Cornelis},
	year = {1994},
	pages = {1503{\textendash}1514},
},

@article{goulet_relationship_1994,
	title = {The relationship between the structural and orthogonal compressive properties of trabecular bone},
	volume = {27},
	number = {4},
	journal = {Journal of Biomechanics},
	author = {Goulet, {R.W.} and Goldstein, {S.A.} and Ciarelli, {M.J.} and Kuhn, {J.L.} and Brown, {MB} and Feldkamp, {LA}},
	year = {1994},
	pages = {375{\textendash}377},
},

@article{greenspan_trochanteric_1994,
	title = {Trochanteric bone mineral density is associated with type of hip fracture in the elderly},
	volume = {9},
	issn = {0884-0431},
	url = {http://www.ncbi.nlm.nih.gov/pubmed/7872054},
	doi = {10.1002/jbmr.5650091208},
	number = {12},
	note = "[Accessed on 2011-07-27]",
	journal = {Journal of Bone and Mineral Research: The Official Journal of the American Society for Bone and Mineral Research},
	author = {Greenspan, S L and Myers, E R and Maitland, L A and Kido, T H and Krasnow, M B and Hayes, W C},
	month = dec,
	year = {1994},
	pages = {1889--1894},
},

@article{greenspan_fall_1994,
	title = {Fall Severity and Bone Mineral Density as Risk Factors for Hip Fracture in Ambulatory Elderly},
	volume = {271},
	doi = {10.1001/jama.1994.03510260060029},
	number = {2},
	note = "[Accessed on 2011-08-29]",
	journal = {{JAMA:} The Journal of the American Medical Association},
	author = {Greenspan, Susan L. and Myers, Elizabeth R. and Maitland, Lauri A. and Resnick, Neil M. and Hayes, Wilson C.},
	month = jan,
	year = {1994},
	pages = {128 --133},
},

@article{guglielmi_osteoporosis:_1994,
	title = {Osteoporosis: diagnosis with lateral and posteroanterior dual x-ray absorptiometry compared with quantitative {CT.}},
	volume = {192},
	issn = {0033-8419},
	shorttitle = {Osteoporosis},
	number = {3},
	journal = {Radiology},
	author = {Guglielmi, G and Grimston, S. K.},
	year = {1994},
	pages = {845--50},
},

@article{hui_internal_1994,
	title = {Internal fixation or hemiarthroplasty for undisplaced fractures of the femoral neck in octogenarians},
	volume = {76},
	number = {6},
	note = "[Accessed on 2013-07-25]",
	journal = {Journal of Bone \& Joint Surgery, British Volume},
	author = {Hui, A. C. and Anderson, G. H. and Choudhry, R. and Boyle, J. and Gregg, P. J.},
	year = {1994},
	pages = {891{\textendash}894},
},

@article{keaveny_trabecular_1994,
	title = {Trabecular bone exhibits fully linear elastic behavior and yields at low strains},
	volume = {27},
	issn = {0021-9290},
	url = {http://www.sciencedirect.com/science/article/pii/0021929094900531},
	doi = {10.1016/0021-9290(94)90053-1},
	number = {9},
	note = "[Accessed on 2013-07-23]",
	journal = {Journal of Biomechanics},
	author = {Keaveny, Tony M. and Guo, {X.Edward} and Wachtel, Edward F. and {McMahon}, Thomas A. and Hayes, Wilson C.},
	month = sep,
	year = {1994},
	pages = {1127--1136},
},

@article{keaveny_differences_1994,
	title = {Differences between the tensile and compressive strengths of bovine tibial trabecular bone depend on modulus},
	volume = {27},
	issn = {0021-9290},
	url = {http://www.sciencedirect.com/science/article/pii/002192909490054X},
	doi = {10.1016/0021-9290(94)90054-X},
	number = {9},
	note = "[Accessed on 2013-07-23]",
	journal = {Journal of Biomechanics},
	author = {Keaveny, Tony M. and Wachtel, Edward F. and Ford, Catherine M. and Hayes, Wilson C.},
	month = sep,
	year = {1994},
	pages = {1137--1146},
},

@article{keller_predicting_1994,
	title = {Predicting the compressive mechanical behavior of bone},
	volume = {27},
	url = {http://www.sciencedirect.com/science/article/pii/0021929094900566},
	number = {9},
	note = "[Accessed on 2013-08-07]",
	journal = {Journal of biomechanics},
	author = {Keller, Tony S.},
	year = {1994},
	pages = {1159{\textendash}1168},
},

@article{koval_hip_1994,
	title = {Hip Fractures: I. Overview and Evaluation and Treatment of Femoral-Neck Fractures},
	volume = {2},
	issn = {1067-{151X},},
	shorttitle = {Hip Fractures},
	url = {http://www.jaaos.org/content/2/3/141},
	number = {3},
	note = "[Accessed on 2013-07-25]",
	journal = {Journal of the American Academy of Orthopaedic Surgeons},
	author = {Koval, K. J. and Zuckerman, J. D.},
	month = may,
	year = {1994},
	pages = {141--149},
},

@article{koval_hip_1994-1,
	title = {Hip Fractures: {II.} Evaluation and Treatment of Intertrochanteric Fractures},
	volume = {2},
	issn = {1067-{151X}},
	shorttitle = {Hip Fractures},
	number = {3},
	journal = {The Journal of the American Academy of Orthopaedic Surgeons},
	author = {Koval and Zuckerman},
	month = may,
	year = {1994},
	note = {{PMID:} 10709003},
	pages = {150--156},
},

@book{who_study_group_assessment_1994,
	address = {Geneva},
	series = {{WHO} Technical Report Series},
	title = {Assessment of fracture risk and its application to screening for postmenopausal osteoporosis},
	isbn = {9241208430 9789241208437},
	publisher = {World Health Organization},
	author = {{{WHO} Study Group}},
	year = {1994},
},

@article{aamodt_femoral_1995,
	title = {Femoral anteversion measured by ultrasound and {CT:} a comparative study},
	volume = {24},
	issn = {0364-2348},
	shorttitle = {Femoral anteversion measured by ultrasound and {CT}},
	url = {http://www.ncbi.nlm.nih.gov/pubmed/7747174},
	number = {2},
	note = "[Accessed on 2010-10-24]",
	journal = {Skeletal Radiology},
	author = {Aamodt, A and Terjesen, T and Eine, J and Kvistad, K A},
	month = feb,
	year = {1995},
	pages = {105--109},
},

@article{bay_texture_1995,
	title = {Texture correlation: a method for the measurement of detailed strain distributions within trabecular bone},
	volume = {13},
	issn = {0736-0266},
	shorttitle = {Texture correlation},
	url = {http://www.ncbi.nlm.nih.gov/pubmed/7722763},
	doi = {10.1002/jor.1100130214},
	number = {2},
	note = "[Accessed on 2010-10-28]",
	journal = {Journal of Orthopaedic Research},
	author = {Bay, B K},
	month = mar,
	year = {1995},
	pages = {258--267},
},

@article{bouxsein_ultrasound_1995,
	title = {Ultrasound and densitometry of the calcaneus correlate with the failure loads of cadaveric femurs},
	volume = {56},
	url = {http://www.ncbi.nlm.nih.gov/entrez/query.fcgi?cmd=Retrieve&db=PubMed&dopt=Citation&list_uids=7736330},
	number = {2},
	journal = {Calcified Tissue International},
	author = {Bouxsein, M. L. and Courtney, A. C. and Hayes, W. C.},
	year = {1995},
	pages = {99--103},
	note = "[Accessed on 2014-01-11]",
},

@article{courtney_age-related_1995,
	title = {Age-related reductions in the strength of the femur tested in a fall-loading configuration},
	volume = {77},
	issn = {0021-9355},
	url = {http://www.ncbi.nlm.nih.gov/pubmed/7890787},
	number = {3},
	note = "[Accessed on 2010-10-25]",
	journal = {The Journal of Bone and Joint Surgery American},
	author = {Courtney, A C and Wachtel, E F and Myers, E R and Hayes, W C},
	month = mar,
	year = {1995},
	pages = {387--395},
},

@article{currey_effect_1995,
	title = {Effect of formaldehyde fixation on some mechanical properties of bovine bone},
	volume = {16},
	issn = {0142-9612},
	url = {http://www.sciencedirect.com/science/article/pii/0142961295981352},
	doi = {16/0142-9612(95)98135-2},
	number = {16},
	note = "[Accessed on 2011-09-01]",
	journal = {Biomaterials},
	author = {Currey, John D. and Brear, Kevin and Zioupos, Peter and Reilly, Gwendolen C.},
	year = {1995},
	pages = {1267--1271},
},

@article{keaveny_authors_1995,
	title = {Authors' response},
	volume = {28},
	issn = {0021-9290},
	url = {http://www.sciencedirect.com/science/article/pii/0021929095900608},
	doi = {10.1016/0021-9290(95)90060-8},
	number = {6},
	note = "[Accessed on 2013-07-23]",
	journal = {Journal of Biomechanics},
	author = {Keaveny, Tony M. and Wachtel, Edward F. and Ford, Catherine M. and Hayes, Wilson C.},
	month = jun,
	year = {1995},
	pages = {765},
},

@article{lotz_stress_1995,
	title = {Stress distributions within the proximal femur during gait and falls: Implications for osteoporotic fracture},
	volume = {5},
	issn = {0937-{941X}, 1433-2965},
	shorttitle = {Stress distributions within the proximal femur during gait and falls},
	url = {http://www.springerlink.com/content/p6629864w5404g51/},
	doi = {10.1007/BF01774015},
	note = "[Accessed on 2011-09-06]",
	journal = {Osteoporosis International},
	author = {Lotz, J. C. and Cheal, E. J. and Hayes, W. C.},
	month = jul,
	year = {1995},
	pages = {252--261},
},

@article{michelson_epidemiology_1995,
	title = {Epidemiology of Hip Fractures Among the Elderly: Risk Factors for Fracture Type},
	issn = {0009-{921X}},
	shorttitle = {Epidemiology of Hip Fractures Among the Elderly},
	url = {http://ovidsp.ovid.com/ovidweb.cgi?T=JS&CSC=Y&NEWS=N&PAGE=fulltext&D=ovftb&AN=00003086-199502000-00016},
	note = "[Accessed on 2013-02-25]",
	journal = {Clinical Orthopaedics and Related Research},
	author = {Michelson, James D. and Myers, Ann {ScD} and Jinnah, Riyaz and Cox, Quentin and Van Natta, Mark {MHS}},
	month = feb,
	year = {1995},
	pages = {129--135},
},

@article{robinovitch_force_1995,
	title = {Force attenuation in trochanteric soft tissues during impact from a fall},
	volume = {13},
	issn = {0736-0266},
	doi = {10.1002/jor.1100130621},
	number = {6},
	note = "[Accessed on 2010-11-23]",
	journal = {Journal of Orthopaedic Research},
	author = {Robinovitch, Stephen N. and {McMahon}, Thomas A. and Hayes, Wilson C.},
	month = nov,
	year = {1995},
	pages = {956--962},
},

@article{van_den_kroonenberg_dynamic_1995,
	title = {Dynamic Models for Sideways Falls From Standing Height},
	volume = {117},
	url = {http://link.aip.org/link/?JBY/117/309/1},
	doi = {10.1115/1.2794186},
	number = {3},
	note = "[Accessed on 2010-11-22]",
	journal = {Journal of Biomechanical Engineering},
	author = {van den Kroonenberg, A. J. and Hayes, W. C. and {McMahon}, T. A.},
	year = {1995},
	pages = {309--318},
},

@article{courtney_age-related_1996,
	title = {Age-related differences in post-yield damage in human cortical bone. Experiment and model},
	volume = {29},
	issn = {0021-9290},
	url = {http://www.sciencedirect.com/science/article/B6T82-3W3NCG2-8/2/58557393958d1a327c875cfbb34067ed},
	doi = {10.1016/0021-9290(96)84542-8},
	number = {11},
	note = "[Accessed on 2011-03-17]",
	journal = {Journal of Biomechanics},
	author = {Courtney, Amy C. and Hayes, Wilson C. and Gibson, Lorna J.},
	month = nov,
	year = {1996},
	pages = {1463--1471},
},

@article{ford_effect_1996,
	title = {The effect of impact direction on the structural capacity of the proximal femur during falls},
	volume = {11},
	issn = {1523-4681},
	doi = {10.1002/jbmr.5650110311},
	number = {3},
	note = "[Accessed on 2011-07-05]",
	journal = {Journal of Bone and Mineral Research},
	author = {Ford, Catherine M and Keaveny, Tony M and Hayes, Wilson C},
	month = mar,
	year = {1996},
	pages = {377--383},
},

@article{hayes_etiology_1996,
	title = {Etiology and prevention of age-related hip fractures},
	volume = {18},
	url = {http://www.ncbi.nlm.nih.gov/entrez/query.fcgi?cmd=Retrieve&db=PubMed&dopt=Citation&list_uids=8717551},
	number = {1 Suppl},
	journal = {Bone},
	author = {Hayes, W. C. and Myers, E. R. and Robinovitch, S. N. and Van Den Kroonenberg, A. and Courtney, A. C. and {McMahon}, T. A.},
	year = {1996},
	pages = {77S--86S},
	note = "[Accessed on 2014-01-11]",
},

@article{lyritis_epidemiology_1996,
	title = {Epidemiology of hip fracture: The {MEDOS} study},
	volume = {6},
	issn = {0937-{941X}, 1433-2965},
	shorttitle = {Epidemiology of hip fracture},
	url = {http://link.springer.com/article/10.1007/BF01623757},
	doi = {10.1007/BF01623757},
	number = {3},
	note = "[Accessed on 2013-03-13]",
	journal = {Osteoporosis International},
	author = {Lyritis, G. P.},
	month = may,
	year = {1996},
	pages = {11--15},
},

@article{pinilla_impact_1996,
	title = {Impact direction from a fall influences the failure load of the proximal femur as much as age-related bone loss},
	volume = {58},
	issn = {0171-{967X}},
	url = {http://www.ncbi.nlm.nih.gov/pubmed/8661953},
	doi = {10.1007/BF02508641},
	number = {4},
	note = "[Accessed on 2010-11-04]",
	journal = {Calcified Tissue International},
	author = {Pinilla, T P and Boardman, K C and Bouxsein, M L and Myers, E R and Hayes, W C},
	month = apr,
	year = {1996},
	pages = {231--235},
},

@article{prasad_angle_1996,
	title = {Angle of torsion of the femur and its correlates},
	volume = {9},
	issn = {0897-3806},
	url = {http://www.ncbi.nlm.nih.gov/pubmed/8720785},
	doi = {10.1002/(SICI)1098-2353(1996)9:2<109::AID-CA3>3.0.CO;2-C},
	number = {2},
	note = "[Accessed on 2010-10-24]",
	journal = {Clinical Anatomy (New York, {N.Y.)}},
	author = {Prasad, R and Vettivel, S and Isaac, B and Jeyaseelan, L and Chandi, G},
	year = {1996},
	pages = {109--117},
},

@article{van_den_kroonenberg_hip_1996,
	title = {Hip impact velocities and body configurations for voluntary falls from standing height},
	volume = {29},
	issn = {0021-9290},
	url = {http://www.ncbi.nlm.nih.gov/pubmed/9147979},
	number = {6},
	note = "[Accessed on 2010-10-27]",
	journal = {Journal of Biomechanics},
	author = {van den Kroonenberg, A J and Hayes, W C and {McMahon}, T A},
	month = jun,
	year = {1996},
	pages = {807--811},
},

@article{zuckerman_hip_1996,
	title = {Hip Fracture},
	volume = {334},
	issn = {0028-4793},
	url = {http://dx.doi.org/10.1056/NEJM199606063342307},
	doi = {doi: 10.1056/NEJM199606063342307},
	number = {23},
	journal = {New England Journal of Medicine},
	author = {Zuckerman, Joseph D.},
	month = jun,
	year = {1996},
	pages = {1519--1525},
	note = "[Accessed on 2014-01-11]",
},

@article{bray_femoral_1997,
	title = {Femoral neck fracture fixation: clinical decision making},
	volume = {339},
	shorttitle = {Femoral neck fracture fixation},
	url = {http://journals.lww.com/corr/Abstract/1997/06000/Femoral_Neck_Fracture_Fixation__Clinical_Decision.4.aspx},
	note = "[Accessed on 2013-07-25]",
	journal = {Clinical Orthopaedics and Related Research},
	author = {Bray, Timothy J.},
	year = {1997},
	pages = {20{\textendash}31},
},

@article{cheng_assessment_1997,
	title = {Assessment of the strength of proximal femur in vitro: Relationship to femoral bone mineral density and femoral geometry},
	volume = {20},
	issn = {8756-3282},
	shorttitle = {Assessment of the strength of proximal femur in vitro},
	url = {http://www.sciencedirect.com/science/article/pii/S8756328296003833},
	doi = {16/S8756-3282(96)00383-3},
	number = {3},
	note = "[Accessed on 2011-09-01]",
	journal = {Bone},
	author = {Cheng, X. G. and Lowet, G. and Boonen, S. and Nicholson, P. H. F. and Brys, P. and Nijs, J. and Dequeker, J.},
	month = mar,
	year = {1997},
	pages = {213--218},
},

@article{cooper_crippling_1997,
	title = {The crippling consequences of fractures and their impact on quality of life},
	volume = {103},
	issn = {0002-9343},
	url = {http://www.ncbi.nlm.nih.gov/pubmed/9302893},
	number = {{2A}},
	note = "[Accessed on 2011-09-01]",
	journal = {The American Journal of Medicine},
	author = {Cooper, C},
	month = aug,
	year = {1997},
	pages = {12S--17S; discussion 17S-19S},
},

@article{cristofolini_vitro_1997,
	title = {In vitro measured strains in the loaded femur: quantification of experimental error},
	volume = {32},
	issn = {0309-3247},
	shorttitle = {\textit{In vitro} measured strains in the loaded femur},
	url = {http://journals.pepublishing.com/content/p411n7v6t1701368/},
	doi = {10.1243/0309324971513337},
	number = {3},
	note = "[Accessed on 2010-11-08]",
	journal = {The Journal of Strain Analysis for Engineering Design},
	author = {Cristofolini, L and {McNamara}, B P and Freddi, A and Viceconti, M},
	month = jan,
	year = {1997},
	pages = {193--200},
},

@inproceedings{guillemot_pelvic_1997,
	address = {Warrendale, {PA}},
	title = {Pelvic Injuries in Side Impact Collisions: A Field Accident Analysis and Dynamic Tests on Isolated Pelvic Bones},
	shorttitle = {Pelvic Injuries in Side Impact Collisions},
	url = {http://digitallibrary.sae.org/searchresults/},
	note = "[Accessed on 2013-07-19]",
	booktitle = {{SAE} Transactions},
	publisher = {{SAE} International},
	author = {Guillemot, Herv{\'e} and Besnault, Benoit and Robin, St{\'e}phane and Got, Claude and Le Coz, Jean Yves and Lavaste, Fran{\c c}ois and Lassau, Jean-Pierre},
	month = nov,
	year = {1997},
},

@incollection{hayes_biomechanics_1997,
	edition = {2},
	title = {Biomechanics of Cortical and Trabecular Bone: Implications for Assessment of Fracture Risk},
	isbn = {978-0397516841},
	booktitle = {Basic Orthopaedic Biomechanics},
	publisher = {Lippincott Williams \& Wilkins},
	author = {Hayes, Wilson C. and Bouxsein, Mary L.},
	month = jun,
	year = {1997},
	pages = {43},
},

@article{hildebrand_quantification_1997,
	title = {Quantification of Bone Microarchitecture with the Structure Model Index},
	volume = {1},
	issn = {1025-5842, 1476-8259},
	url = {http://www.tandfonline.com/doi/abs/10.1080/01495739708936692},
	doi = {10.1080/01495739708936692},
	number = {1},
	note = "[Accessed on 2011-12-15]",
	journal = {Computer Methods in Biomechanics and Biomedical Engineering},
	author = {Hildebrand, Tor and {R{\"u}Egsegger}, Peter},
	month = jan,
	year = {1997},
	pages = {15--23},
},

@article{mccalden_age-related_1997,
	title = {Age-Related Changes in the Compressive Strength of Cancellous Bone. The Relative Importance of Changes in Density and Trabecular Architecture},
	volume = {79},
	number = {3},
	note = "[Accessed on 2011-03-17]",
	journal = {Journal of Bone and Joint Surgery American},
	author = {{McCalden}, Richard W. and {McGeough}, Joseph A. and Court-Brown, Charles M.},
	month = mar,
	year = {1997},
	pages = {421--7},
},

@article{mori_trabecular_1997,
	title = {Trabecular bone volume and microdamage accumulation in the femoral heads of women with and without femoral neck fractures},
	volume = {21},
	issn = {8756-3282},
	url = {http://www.sciencedirect.com/science/article/B6T4Y-3S53P09-9/2/e39da0d99e9d28a3e2f9d070b2176391},
	doi = {10.1016/S8756-3282(97)00200-7},
	number = {6},
	note = "[Accessed on 2011-03-17]",
	journal = {Bone},
	author = {Mori, S. and Harruff, R. and Ambrosius, W. and Burr, D. B.},
	month = dec,
	year = {1997},
	pages = {521--526},
},

@inproceedings{nightingale_dynamic_1997,
	title = {The dynamic responses of the cervical spine: buckling, end conditions, and tolerance in compressive impacts},
	shorttitle = {The dynamic responses of the cervical spine},
	booktitle = {{SAE} Conference Proceedings P},
	author = {Nightingale, R. W and {McElhaney}, J. H and Camacho, D. L and Kleinberger, M. and Winkelstein, B. A and Myers, B. S},
	year = {1997},
	pages = {451{\textendash}472},
},

@article{odgaard_three-dimensional_1997,
	title = {Three-dimensional methods for quantification of cancellous bone architecture},
	volume = {20},
	issn = {8756-3282},
	url = {http://www.sciencedirect.com/science/article/pii/S8756328297000070},
	doi = {10.1016/S8756-3282(97)00007-0},
	number = {4},
	note = "[Accessed on 2012-01-18]",
	journal = {Bone},
	author = {Odgaard, A.},
	month = apr,
	year = {1997},
	pages = {315--328},
},

@article{odgaard_fabric_1997,
	title = {Fabric and elastic principal directions of cancellous bone are closely related},
	volume = {30},
	issn = {0021-9290},
	url = {http://www.sciencedirect.com/science/article/pii/S0021929096001777},
	doi = {10.1016/S0021-9290(96)00177-7},
	number = {5},
	note = "[Accessed on 2011-12-15]",
	journal = {Journal of Biomechanics},
	author = {Odgaard, Anders and Kabel, Jesper and van Rietbergen, Bert and Dalstra, Michel and Huiskes, Rik},
	month = may,
	year = {1997},
	pages = {487--495},
},

@article{rand_impact_1997,
	title = {Impact of Spinal Degenerative Changes on the Evaluation of Bone Mineral Density with Dual Energy X-Ray Absorptiometry ({DXA)}},
	volume = {60},
	issn = {0171-{967X}, 1432-0827},
	url = {http://link.springer.com/article/10.1007/s002239900258},
	doi = {10.1007/s002239900258},
	number = {5},
	note = "[Accessed on 2013-07-26]",
	journal = {Calcified Tissue International},
	author = {Rand, Th and Seidl, G. and Kainberger, F. and Resch, A. and Hittmair, K. and Schneider, B. and Gl{\"u}er, C. C. and Imhof, H.},
	month = may,
	year = {1997},
	pages = {430--433},
},

@article{robinovitch_distribution_1997,
	title = {Distribution of contact force during impact to the hip},
	volume = {25},
	issn = {0090-6964},
	url = {http://www.springerlink.com/content/u884ww2507l660h2/},
	doi = {10.1007/BF02684190},
	number = {3},
	note = "[Accessed on 2011-02-03]",
	journal = {Annals of Biomedical Engineering},
	author = {Robinovitch, Stephen N. and Hayes, Wilson C. and {McMahon}, Thomas A.},
	month = may,
	year = {1997},
	pages = {499--508},
},

@article{silva_modeling_1997,
	title = {Modeling the mechanical behavior of vertebral trabecular bone: Effects of age-related changes in microstructure},
	volume = {21},
	issn = {8756-3282},
	shorttitle = {Modeling the mechanical behavior of vertebral trabecular bone},
	url = {http://www.sciencedirect.com/science/article/B6T4Y-3RJPBBB-1D/2/7f97997b99db277af3afa471bd9ba4ec},
	doi = {10.1016/S8756-3282(97)00100-2},
	number = {2},
	note = "[Accessed on 2011-03-17]",
	journal = {Bone},
	author = {Silva, M. J. and Gibson, L. J.},
	month = aug,
	year = {1997},
	pages = {191--199},
},

@article{wachtel_dependence_1997,
	title = {Dependence of trabecular damage on mechanical strain},
	volume = {15},
	issn = {0736-0266},
	url = {http://onlinelibrary.wiley.com/doi/10.1002/jor.1100150522/pdf},
	doi = {10.1002/jor.1100150522},
	number = {5},
	note = "[Accessed on 2011-03-17]",
	journal = {Journal of Orthopaedic Research},
	author = {Wachtel, Edward F. and Keaveny, Tony M.},
	month = sep,
	year = {1997},
	pages = {781--787},
},

@book{avioli_metabolic_1998,
	address = {San Diego},
	edition = {3rd ed},
	title = {Metabolic bone disease and clinically related disorders},
	isbn = {0120687003},
	lccn = {BMB library: WE225 .M483 1998},
	publisher = {Academic Press},
	author = {Avioli, Louis V. and Krane, Stephen M.},
	year = {1998},
},

@inproceedings{bouquet_pelvic_1998,
	title = {Pelvic human response to lateral impact},
	booktitle = {16th International Technical Conference on the Enhanced Safety of Vehicles, Paper},
	author = {Bouquet, R. and Ramet, M. and Bermond, F. and Vyes, C.},
	year = {1998},
},

@article{cheng_prediction_1998,
	title = {Prediction of vertebral and femoral strength in vitro by bone mineral density measured at different skeletal sites},
	volume = {13},
	issn = {0884-0431},
	url = {http://www.ncbi.nlm.nih.gov/pubmed/9738516},
	doi = {10.1359/jbmr.1998.13.9.1439},
	number = {9},
	note = "[Accessed on 2011-09-01]",
	journal = {Journal of Bone and Mineral Research},
	author = {Cheng, X G and Lowet, G and Boonen, S and Nicholson, P H and Van der Perre, G and Dequeker, J},
	month = sep,
	year = {1998},
	pages = {1439--1443},
},

@article{keyak_prediction_1998,
	title = {Prediction of femoral fracture load using automated finite element modeling},
	volume = {31},
	issn = {0021-9290},
	url = {http://www.sciencedirect.com/science/article/B6T82-3VCCR77-3/2/4eb0c4aae90fddb4c84e52c8337298e4},
	doi = {10.1016/S0021-9290(97)00123-1},
	number = {2},
	note = "[Accessed on 2010-11-04]",
	journal = {Journal of Biomechanics},
	author = {Keyak, Joyce H. and Rossi, Stephen A. and Jones, Kimberly A. and Skinner, Harry B.},
	month = may,
	year = {1998},
	pages = {125--133},
},

@article{kinney_relationship_1998,
	title = {The Relationship Between {Three-Dimensional} Connectivity and the Elastic Properties of Trabecular Bone},
	volume = {13},
	issn = {1523-4681},
	doi = {10.1359/jbmr.1998.13.5.839},
	number = {5},
	note = "[Accessed on 2012-01-16]",
	journal = {Journal of Bone and Mineral Research},
	author = {Kinney, J. H and Ladd, A. J. C},
	month = may,
	year = {1998},
	pages = {839--845},
},

@article{kopperdahl_yield_1998,
	title = {Yield strain behavior of trabecular bone},
	volume = {31},
	issn = {0021-9290},
	url = {http://www.sciencedirect.com/science/article/B6T82-3VJS4NG-K/2/6580920618961dc61445cf8cab8f969a},
	doi = {10.1016/S0021-9290(98)00057-8},
	number = {7},
	note = "[Accessed on 2011-03-17]",
	journal = {Journal of Biomechanics},
	author = {Kopperdahl, David L. and Keaveny, Tony M.},
	month = jul,
	year = {1998},
	pages = {601--608},
},

@article{matsuda_femoral_1998,
	title = {Femoral Condyle Geometry in the Normal and Varus Knee},
	issn = {0009-{921X}},
	url = {http://ovidsp.ovid.com/ovidweb.cgi?T=JS&CSC=Y&NEWS=N&PAGE=fulltext&D=ovftc&AN=00003086-199804000-00022},
	note = "[Accessed on 2013-09-09]",
	journal = {Clinical Orthopaedics and Related Research},
	author = {Matsuda, Shuichi and Matsuda, Hideo and Miyagi, Tomoyuki and Sasaki, Kunio and Iwamoto, Yukihide and Miura, Hiromasa},
	month = apr,
	year = {1998},
	pages = {183--188},
},

@article{norman_influence_1998,
	title = {Influence of microdamage on fracture toughness of the human femur and tibia},
	volume = {23},
	issn = {8756-3282},
	url = {http://www.sciencedirect.com/science/article/B6T4Y-3VBSV5S-J/2/e3da094c793331b56935981d08cdea95},
	doi = {10.1016/S8756-3282(98)00103-3},
	number = {3},
	note = "[Accessed on 2011-03-17]",
	journal = {Bone},
	author = {Norman, T. L. and Yeni, Y. N. and Brown, C. U. and Wang, Z.},
	month = sep,
	year = {1998},
	pages = {303--306},
},

@article{okuizumi_effect_1998,
	title = {Effect on the femur of a new hip fracture preventive system using dropped-weight impact testing},
	volume = {13},
	issn = {0884-0431},
	url = {http://www.ncbi.nlm.nih.gov/pubmed/9844113},
	doi = {10.1359/jbmr.1998.13.12.1940},
	number = {12},
	note = "[Accessed on 2010-11-04]",
	journal = {Journal of Bone and Mineral Research: The Official Journal of the American Society for Bone and Mineral Research},
	author = {Okuizumi, H and Harada, A and Iwata, H and Konishi, N},
	month = dec,
	year = {1998},
	pages = {1940--1945},
},

@article{sugano_comparison_1998,
	title = {A comparison of alternative methods of measuring femoral anteversion},
	volume = {22},
	issn = {0363-8715},
	url = {http://www.ncbi.nlm.nih.gov/pubmed/9676454},
	number = {4},
	note = "[Accessed on 2010-10-24]",
	journal = {Journal of Computer Assisted Tomography},
	author = {Sugano, N and Noble, P C and Kamaric, E},
	month = aug,
	year = {1998},
	pages = {610--614},
},

@article{zioupos_changes_1998,
	title = {Changes in the Stiffness, Strength, and Toughness of Human Cortical Bone With Age},
	volume = {22},
	issn = {8756-3282},
	url = {http://www.sciencedirect.com/science/article/pii/S8756328297002287},
	doi = {10.1016/S8756-3282(97)00228-7},
	number = {1},
	note = "[Accessed on 2012-12-22]",
	journal = {Bone},
	author = {Zioupos, P and Currey, {J.D}},
	month = jan,
	year = {1998},
	pages = {57--66},
},

@article{bay_digital_1999,
	title = {Digital volume correlation: Three-dimensional strain mapping using X-ray tomography},
	volume = {39},
	issn = {0014-4851},
	shorttitle = {Digital volume correlation},
	url = {http://www.springerlink.com/content/2j3454k102314700/},
	doi = {10.1007/BF02323555},
	number = {3},
	note = "[Accessed on 2010-11-03]",
	journal = {Experimental Mechanics},
	author = {Bay, B. K. and Smith, T. S. and Fyhrie, D. P. and Saad, M.},
	month = sep,
	year = {1999},
	pages = {217--226},
},

@article{bay_measurement_1999,
	title = {Measurement of strain distributions within vertebral body sections by texture correlation},
	volume = {24},
	url = {http://www.ncbi.nlm.nih.gov/entrez/query.fcgi?cmd=Retrieve&db=PubMed&dopt=Citation&list_uids=9921585},
	number = {1},
	journal = {Spine},
	author = {Bay, B. K. and Yerby, S. A. and {McLain}, R. F. and Toh, E.},
	year = {1999},
	pages = {10--7},
	note = "[Accessed on 2014-01-11]",
},

@article{bell_structure_1999,
	title = {Structure of the Femoral Neck in Hip Fracture: Cortical Bone Loss in the Inferoanterior to Superoposterior Axis},
	volume = {14},
	issn = {1523-4681},
	url = {http://dx.doi.org/10.1359/jbmr.1999.14.1.111},
	doi = {10.1359/jbmr.1999.14.1.111},
	number = {1},
	journal = {Journal of Bone and Mineral Research},
	author = {Bell, K. L. and Loveridge, N. and Power, J. and Garrahan, N. and Stanton, M. and Lunt, M. and Meggitt, B. F. and Reeve, J.},
	year = {1999},
	pages = {111--119},
	note = "[Accessed on 2014-01-11]",
},

@phdthesis{boutros_effect_1999,
	address = {Guelph, Ontario},
	type = {Doctor of Veterinary Science},
	title = {The effect of repeated freeze-thaw cycles on the biomechanical properties of canine cortical bone},
	url = {http://amicus.collectionscanada.ca/aaweb-bin/aamain/itemdisp?sessionKey=999999999_142&itm=000024733048},
	school = {University of Guelph},
	author = {Boutros, Christopher P.},
	year = {1999},
	note = "[Accessed on 2014-01-11]",
},

@article{dawson_analysis_1999,
	title = {Analysis of the structural behavior of the pelvis during lateral impact using the finite element method},
	volume = {31},
	issn = {0001-4575},
	url = {http://www.sciencedirect.com/science/article/pii/S0001457598000529},
	doi = {16/S0001-4575(98)00052-9},
	number = {1-2},
	note = "[Accessed on 2011-07-27]",
	journal = {Accident Analysis \& Prevention},
	author = {Dawson, John M. and Khmelniker, Boris V. and {McAndrew}, Mark P.},
	month = jan,
	year = {1999},
	pages = {109--119},
},

@article{forsen_survival_1999,
	title = {Survival after Hip Fracture: Short- and Long-Term Excess Mortality According to Age and Gender},
	volume = {10},
	issn = {0937-{941X}},
	shorttitle = {Survival after Hip Fracture},
	url = {http://www.springerlink.com/content/mktcer4tclde8v48/},
	doi = {10.1007/s001980050197},
	number = {1},
	note = "[Accessed on 2011-02-02]",
	journal = {Osteoporosis International},
	author = {Fors{\'e}n, L. and S{\o}gaard, A. J. and Meyer, H. E. and Edna, T.-H. and Kopjar, B.},
	month = aug,
	year = {1999},
	pages = {73--78},
},

@article{hildebrand_direct_1999,
	title = {Direct {Three-Dimensional} Morphometric Analysis of Human Cancellous Bone: Microstructural Data from Spine, Femur, Iliac Crest, and Calcaneus},
	volume = {14},
	issn = {1523-4681},
	shorttitle = {Direct {Three-Dimensional} Morphometric Analysis of Human Cancellous Bone},
	doi = {10.1359/jbmr.1999.14.7.1167},
	number = {7},
	note = "[Accessed on 2012-02-09]",
	journal = {Journal of Bone and Mineral Research},
	author = {Hildebrand, Tor and Laib, Andres and M{\"u}ller, Ralph and Dequeker, Jan and R{\"u}egsegger, Peter},
	month = jul,
	year = {1999},
	pages = {1167--1174},
},

@article{kabel_constitutive_1999,
	title = {Constitutive relationships of fabric, density, and elastic properties in cancellous bone architecture},
	volume = {25},
	number = {4},
	journal = {Bone},
	author = {Kabel, J. and Van Rietbergen, B. and Odgaard, A. and Huiskes, R.},
	year = {1999},
	pages = {481{\textendash}486},
},

@article{keaveny_mechanical_1999,
	title = {Mechanical behavior of human trabecular bone after overloading},
	volume = {17},
	issn = {0736-0266},
	url = {http://onlinelibrary.wiley.com/doi/10.1002/jor.1100170308/pdf},
	doi = {10.1002/jor.1100170308},
	number = {3},
	note = "[Accessed on 2011-03-17]",
	journal = {Journal of Orthopaedic Research},
	author = {Keaveny, Tony M. and Wachtel, Edward F. and Kopperdahl, David L.},
	month = may,
	year = {1999},
	pages = {346--353},
},

@article{ota_fracture_1999,
	title = {Fracture simulation of the femoral bone using the finite-element method: How a fracture initiates and proceeds},
	volume = {17},
	issn = {0914-8779},
	url = {http://www.springerlink.com/openurl.asp?genre=article&id=doi:10.1007/s007740050072},
	doi = {10.1007/s007740050072},
	number = {2},
	journal = {Journal of Bone and Mineral Metabolism},
	author = {Ota, Toyotsugu and Yamamoto, Itsuo and Morita, Rikushi},
	month = may,
	year = {1999},
	pages = {108--112},
	note = "[Accessed on 2014-01-11]",
},

@article{parkkari_majority_1999,
	title = {Majority of Hip Fractures Occur as a Result of a Fall and Impact on the Greater Trochanter of the Femur: A Prospective Controlled Hip Fracture Study with 206 Consecutive Patients},
	volume = {65},
	issn = {0171-{967X}},
	shorttitle = {Majority of Hip Fractures Occur as a Result of a Fall and Impact on the Greater Trochanter of the Femur},
	url = {http://www.springerlink.com/content/ar3w48gteh2ylkaf/},
	doi = {10.1007/s002239900679},
	number = {3},
	note = "[Accessed on 2011-05-17]",
	journal = {Calcified Tissue International},
	author = {Parkkari, J. and Kannus, P. and Palvanen, M. and Natri, A. and Vainio, J. and Aho, H. and Vuori, I. and J{\"a}rvinen, M.},
	month = sep,
	year = {1999},
	pages = {183--187},
},

@article{smith_aortic_1999,
	title = {Aortic Calcification Contributing to Bone Densitometry Measurement},
	volume = {2},
	issn = {1094-6950},
	url = {http://www.sciencedirect.com/science/article/pii/S1094695006600966},
	doi = {10.1385/JCD:2:2:181},
	number = {2},
	note = "[Accessed on 2013-08-09]",
	journal = {Journal of Clinical Densitometry},
	author = {Smith, Jo-Anne and Vento, John A. and Spencer, Richard P. and Tendler, Beatriz E.},
	year = {1999},
	pages = {181--183},
},

@article{boutros_effect_2000,
	title = {The effect of repeated freeze-thaw cycles on the biomechanical properties of canine cortical bone},
	volume = {13},
	url = {http://www.schattauer.de/en/magazine/subject-areas/journals-a-z/vcot/contents/archive/issuePage/2.html},
	journal = {Vet Comp Orthop Traumatol},
	author = {Boutros, C. P.},
	year = {2000},
	pages = {59--64},
	note = "[Accessed on 2014-01-11]",
},

@article{keyak_prediction_2000,
	title = {Prediction of femoral fracture load using finite element models: an examination of stress- and strain-based failure theories},
	volume = {33},
	issn = {0021-9290},
	shorttitle = {Prediction of femoral fracture load using finite element models},
	url = {http://www.sciencedirect.com/science/article/B6T82-3Y6HBCC-9/2/4b9a3716a85be522355fdd99457ed6f5},
	doi = {10.1016/S0021-9290(99)00152-9},
	number = {2},
	note = "[Accessed on 2010-11-04]",
	journal = {Journal of Biomechanics},
	author = {Keyak, Joyce H and Rossi, Stephen A},
	month = feb,
	year = {2000},
	pages = {209--214},
},

@article{keyak_relationships_2000,
	title = {Relationships between femoral fracture loads for two load configurations},
	volume = {33},
	issn = {0021-9290},
	url = {http://www.sciencedirect.com/science/article/pii/S002192909900202X},
	doi = {16/S0021-9290(99)00202-X},
	number = {4},
	note = "[Accessed on 2011-09-01]",
	journal = {Journal of Biomechanics},
	author = {Keyak, Joyce H.},
	month = apr,
	year = {2000},
	pages = {499--502},
},

@article{kim_measurement_2000,
	title = {Measurement of femoral neck anteversion in {3D.} Part 1: {3D} imaging method},
	volume = {38},
	issn = {0140-0118},
	shorttitle = {Measurement of femoral neck anteversion in {3D.} Part 1},
	url = {http://www.ncbi.nlm.nih.gov/pubmed/11217876},
	number = {6},
	note = "[Accessed on 2010-10-24]",
	journal = {Medical \& Biological Engineering \& Computing},
	author = {Kim, J S and Park, T S and Park, S B and Kim, J S and Kim, I Y and Kim, S I},
	month = nov,
	year = {2000},
	pages = {603--609},
},

@article{kim_measurement_2000-1,
	title = {Measurement of femoral neck anteversion in {3D.} Part 2: {3D} modelling method},
	volume = {38},
	issn = {0140-0118},
	shorttitle = {Measurement of femoral neck anteversion in {3D.} Part 2},
	url = {http://www.ncbi.nlm.nih.gov/pubmed/11217877},
	number = {6},
	note = "[Accessed on 2010-10-24]",
	journal = {Medical \& Biological Engineering \& Computing},
	author = {Kim, J S and Park, T S and Park, S B and Kim, J S and Kim, I Y and Kim, S I},
	month = nov,
	year = {2000},
	pages = {610--616},
},

@article{lu_deformation_2000,
	title = {Deformation measurements by digital image correlation: Implementation of a second-order displacement gradient},
	volume = {40},
	issn = {0014-4851},
	shorttitle = {Deformation measurements by digital image correlation},
	url = {http://www.springerlink.com/content/v763526k4887616r/},
	doi = {10.1007/BF02326485},
	number = {4},
	note = "[Accessed on 2010-11-04]",
	journal = {Experimental Mechanics},
	author = {Lu, H. and Cary, P. D.},
	month = dec,
	year = {2000},
	pages = {393--400},
},

@article{niebur_high-resolution_2000,
	title = {High-resolution finite element models with tissue strength asymmetry accurately predict failure of trabecular bone},
	volume = {33},
	issn = {0021-9290},
	url = {http://www.sciencedirect.com/science/article/pii/S0021929000001494},
	doi = {10.1016/S0021-9290(00)00149-4},
	number = {12},
	note = "[Accessed on 2011-10-06]",
	journal = {Journal of Biomechanics},
	author = {Niebur, Glen L and Feldstein, Michael J and Yuen, Jonathan C and Chen, Tony J and Keaveny, Tony M},
	month = dec,
	year = {2000},
	pages = {1575--1583},
},

@article{schreier_systematic_2000,
	title = {Systematic errors in digital image correlation caused by intensity interpolation},
	volume = {39},
	url = {http://link.aip.org/link/?JOE/39/2915/1},
	number = {11},
	note = "[Accessed on 2010-11-09]",
	journal = {Optical Engineering},
	author = {Schreier, Hubert W. and Braasch, Joachim R. and Sutton, Michael A.},
	month = nov,
	year = {2000},
	pages = {2915--2921},
},

@article{torgerson_letter:_2000,
	title = {Letter: The Cost of Treating Osteoporotic Fractures in the United Kingdom Female Population},
	volume = {11},
	issn = {0937-{941X}, 1433-2965},
	url = {http://link.springer.com/article/10.1007/s001980070101},
	doi = {10.1007/s001980070101},
	number = {6},
	note = "[Accessed on 2013-07-25]",
	journal = {Osteoporosis International},
	author = {Torgerson, D. J. and Dolan, P.},
	month = jul,
	year = {2000},
	pages = {551--552},
},

@article{wirtz_critical_2000,
	title = {Critical evaluation of known bone material properties to realize anisotropic {FE-simulation} of the proximal femur},
	volume = {33},
	issn = {0021-9290},
	url = {http://www.sciencedirect.com/science/article/pii/S0021929000000695},
	doi = {10.1016/S0021-9290(00)00069-5},
	number = {10},
	note = "[Accessed on 2011-10-24]",
	journal = {Journal of Biomechanics},
	author = {Wirtz, Dieter Christian and Schiffers, Norbert and Pandorf, Thomas and Radermacher, Klaus and Weichert, Dieter and Forst, Raimund},
	month = oct,
	year = {2000},
	pages = {1325--1330},
},

@article{crabtree_intracapsular_2001,
	title = {Intracapsular Hip Fracture and the Region-Specific Loss of Cortical Bone: Analysis by Peripheral Quantitative Computed Tomography},
	volume = {16},
	issn = {08840431},
	shorttitle = {Intracapsular Hip Fracture and the Region-Specific Loss of Cortical Bone},
	doi = {10.1359/jbmr.2001.16.7.1318},
	number = {7},
	note = "[Accessed on 2011-02-03]",
	journal = {Journal of Bone and Mineral Research},
	author = {Crabtree, N. and Loveridge, N. and Parker, M. and Rushton, N. and Power, J. and Bell, K. L. and Beck, T. J. and Reeve, J.},
	month = jul,
	year = {2001},
	pages = {1318--1328},
},

@article{fois_study_2001,
	title = {Study of human cortical bone and demineralized human cortical bone viscoelasticity},
	volume = {79},
	copyright = {Copyright {\textcopyright} 2001 John Wiley \& Sons, Inc.},
	issn = {1097-4628},
	doi = {10.1002/1097-4628(20010401)79:14<2527::AID-APP1061>3.0.CO;2-J},
	number = {14},
	note = "[Accessed on 2013-08-27]",
	journal = {Journal of Applied Polymer Science},
	author = {Fois, M. and Lamure, A. and Fauran, M. J. and Lacabanne, C.},
	year = {2001},
	pages = {2527{\textendash}2533},
},

@article{keaveny_biomechanics_2001,
	title = {Biomechanics of trabecular bone},
	volume = {3},
	issn = {1523-9829},
	url = {http://www.ncbi.nlm.nih.gov/pubmed/11447066},
	doi = {10.1146/annurev.bioeng.3.1.307},
	note = "[Accessed on 2011-04-18]",
	journal = {Annual Review of Biomedical Engineering},
	author = {Keaveny, T M and Morgan, E F and Niebur, G L and Yeh, O C},
	year = {2001},
	pages = {307--333},
},

@article{keyak_effect_2001,
	title = {Effect of force direction on femoral fracture load for two types of loading conditions},
	volume = {19},
	doi = {10.1016/S0736-0266(00)00046-2},
	number = {4},
	journal = {Journal of Orthopaedic Research},
	author = {Keyak, {JH} and Skinnera, Harry B and Flemingc, Judith A},
	month = jul,
	year = {2001},
	pages = {539{\textendash}544},
},

@article{keyak_prediction_2001,
	title = {Prediction of fracture location in the proximal femur using finite element models},
	volume = {23},
	number = {9},
	journal = {Medical Engineering and Physics},
	author = {Keyak, J. H. and Rossi, S. A. and Jones, K. A. and Les, C. M. and Skinner, H. B.},
	year = {2001},
	pages = {657{\textendash}664},
},

@article{king_fundamentals_2001,
	title = {Fundamentals of Impact Biomechanics: Part {2{\textemdash}Biomechanics} of the Abdomen, Pelvis, and Lower Extremities},
	volume = {3},
	shorttitle = {{FUNDAMENTALS} {OF} {IMPACT} {BIOMECHANICS}},
	url = {http://www.annualreviews.org/doi/abs/10.1146/annurev.bioeng.3.1.27},
	doi = {10.1146/annurev.bioeng.3.1.27},
	number = {1},
	note = "[Accessed on 2013-07-18]",
	journal = {Annual Review of Biomedical Engineering},
	author = {King, Albert I.},
	year = {2001},
	pages = {27--55},
},

@article{leichter_optical_2001,
	title = {Optical processing of radiographic trabecular pattern versus bone mineral density of proximal femur as measures of bone strength},
	volume = {4},
	doi = {10.1385/JCD:4:2:121},
	number = {2},
	journal = {Journal of Clinical Densitometry},
	author = {Leichter, {I.S.} and Simkin, A. and Neeman, V. and Jabschinsky, C. and Schoenfeld, D. and Foldes, {A.J.} and Liebergall, M.},
	year = {2001},
	pages = {121{\textendash}129},
},

@article{masud_epidemiology_2001,
	title = {Epidemiology of falls},
	volume = {30},
	issn = {0002-0729, 1468-2834},
	url = {http://ageing.oxfordjournals.org/content/30/suppl_4/3},
	doi = {10.1093/ageing/30.suppl_4.3},
	number = {suppl 4},
	note = "[Accessed on 2013-08-07]",
	journal = {Age and Ageing},
	author = {Masud, Tahir and Morris, Robert O.},
	month = nov,
	year = {2001},
	pages = {3--7},
},

@article{morgan_dependence_2001,
	title = {Dependence of yield strain of human trabecular bone on anatomic site},
	volume = {34},
	issn = {0021-9290},
	url = {http://www.sciencedirect.com/science/article/B6T82-42SXF5K-1/2/db4f5f127caf2a2da95d13c35d77019f},
	doi = {10.1016/S0021-9290(01)00011-2},
	number = {5},
	note = "[Accessed on 2011-03-17]",
	journal = {Journal of Biomechanics},
	author = {Morgan, Elise F. and Keaveny, Tony M.},
	month = may,
	year = {2001},
	pages = {569--577},
},

@inproceedings{oc_yeh_fracture_2001,
	address = {San Francisco, California},
	title = {Fracture Strains of Trabecular Tissue Exceed 20\% in Bending},
	url = {http://www.ors.org/web/Transactions/47/0520.PDF},
	note = "[Accessed on 2012-01-18]",
	booktitle = {47th Annual Meeting, Orthopaedic Research Society},
	author = {{{OC} Yeh} and {{TM} Keaveny} and {{TT} Tischner}},
	month = feb,
	year = {2001},
},

@article{wachter_predictive_2001,
	title = {Predictive value of Singh index and bone mineral density measured by quantitative computed tomography in determining the local cancellous bone quality of the proximal femur},
	volume = {16},
	url = {http://www.sciencedirect.com/science/article/pii/S0268003300000930},
	number = {3},
	note = "[Accessed on 2013-08-07]",
	journal = {Clinical Biomechanics},
	author = {Wachter, Nikolaus J. and Augat, Peter and Hoellen, Ingolf P. and Krischak, Gert D. and Sarkar, Michael R. and Mentzel, Martin and Kinzl, Lothar and Claes, Lutz},
	year = {2001},
	pages = {257{\textendash}262},
},

@article{wiktorowicz_economic_2001,
	title = {Economic Implications of Hip Fracture: Health Service Use, Institutional Care and Cost in Canada},
	volume = {12},
	issn = {0937-{941X}},
	shorttitle = {Economic Implications of Hip Fracture},
	url = {http://www.springerlink.com/content/62r75ac3tk39132v/},
	doi = {10.1007/s001980170116},
	number = {4},
	note = "[Accessed on 2011-02-02]",
	journal = {Osteoporosis International},
	author = {Wiktorowicz, M. E. and Goeree, R. and Papaioannou, A. and Adachi, J. D. and Papadimitropoulos, E.},
	month = may,
	year = {2001},
	pages = {271--278},
},

@book{browner_skeletal_2002,
	address = {Philadelphia, Pa.; London},
	edition = {3rd},
	title = {Skeletal Trauma},
	volume = {2},
	isbn = {0721691757 9780721691756 0721694810 9780721694818},
	lccn = {WE 175 S626 2003 V.2},
	publisher = {{W.B.} Saunders},
	author = {Browner, Bruce D},
	year = {2002},
},

@article{cummings_epidemiology_2002,
	title = {Epidemiology and outcomes of osteoporotic fractures},
	volume = {359},
	issn = {0140-6736},
	url = {http://www.sciencedirect.com/science/article/pii/S0140673602086579},
	doi = {16/S0140-6736(02)08657-9},
	number = {9319},
	note = "[Accessed on 2011-07-27]",
	journal = {The Lancet},
	author = {Cummings, Steven R and Melton, L Joseph},
	month = may,
	year = {2002},
	pages = {1761--1767},
},

@article{delamora_introduction_2002,
	title = {Introduction of Intracapsular Hip Fractures: Anatomy and Pathologic Features},
	issn = {0009-{921X}},
	shorttitle = {Introduction of Intracapsular Hip Fractures},
	url = {http://ovidsp.ovid.com/ovidweb.cgi?T=JS&CSC=Y&NEWS=N&PAGE=fulltext&D=ovftf&AN=00003086-200206000-00003},
	note = "[Accessed on 2013-07-26]",
	journal = {Clinical Orthopaedics and Related Research},
	author = {{DeLaMora}, Sergai N. and Gilbert, Marvin},
	month = jun,
	year = {2002},
	pages = {9--16},
},

@article{heim_nonoperative_2002,
	title = {Nonoperative Treatment of Intracapsular Fractures of the Proximal Femur},
	issn = {0009-{921X}},
	url = {http://ovidsp.ovid.com/ovidweb.cgi?T=JS&CSC=Y&NEWS=N&PAGE=fulltext&D=ovftf&AN=00003086-200206000-00006},
	note = "[Accessed on 2013-07-25]",
	journal = {Clinical Orthopaedics and Related Research},
	author = {Heim, Michael and Adunski, Abraham and Chechick, Aahron},
	month = jun,
	year = {2002},
	pages = {35--41},
},

@article{hodsman_bisphosphonates_2002,
	title = {Do bisphosphonates reduce the risk of osteoporotic fractures? An evaluation of the evidence to date},
	volume = {166},
	issn = {0820-3946},
	shorttitle = {Do bisphosphonates reduce the risk of osteoporotic fractures?},
	number = {11},
	journal = {{CMAJ:} Canadian Medical Association Journal},
	author = {Hodsman, Anthony B. and Hanley, David A. and Josse, Robert},
	month = may,
	year = {2002},
	pages = {1426--1430},
},

@article{homminga_cancellous_2002,
	title = {Cancellous bone mechanical properties from normals and patients with hip fractures differ on the structure level, not on the bone hard tissue level},
	volume = {30},
	issn = {8756-3282},
	url = {http://www.sciencedirect.com/science/article/pii/S8756328202006932},
	doi = {10.1016/S8756-3282(02)00693-2},
	number = {5},
	note = "[Accessed on 2013-08-07]",
	journal = {Bone},
	author = {Homminga, J and {McCreadie}, {B.R} and Ciarelli, {T.E} and Weinans, H and Goldstein, {S.A} and Huiskes, R},
	month = may,
	year = {2002},
	pages = {759--764},
},

@article{ito_contribution_2002,
	title = {Contribution of trabecular and cortical components to the mechanical properties of bone and their regulating parameters},
	volume = {31},
	issn = {8756-3282},
	url = {http://www.sciencedirect.com/science/article/pii/S875632820200830X},
	doi = {16/S8756-3282(02)00830-X},
	number = {3},
	note = "[Accessed on 2011-09-01]",
	journal = {Bone},
	author = {Ito, M. and Nishida, A. and Koga, A. and Ikeda, S. and Shiraishi, A. and Uetani, M. and Hayashi, K. and Nakamura, T.},
	month = sep,
	year = {2002},
	pages = {351--358},
},

@article{liu_large_2002,
	title = {Large deformation shear properties of liver tissue},
	volume = {39},
	issn = {0006-{355X}},
	lccn = {12454439},
	number = {6},
	journal = {Biorheology},
	author = {Liu, Zizhen and Bilston, Lynne E},
	year = {2002},
	pages = {735--742},
},

@article{lochmuller_mechanical_2002,
	title = {Mechanical strength of the proximal femur as predicted from geometric and densitometric bone properties at the lower limb versus the distal radius},
	volume = {30},
	issn = {8756-3282},
	url = {http://www.ncbi.nlm.nih.gov/pubmed/11792587},
	doi = {10.1016/S8756-3282(01)00621-4},
	number = {1},
	note = "[Accessed on 2010-10-25]",
	journal = {Bone},
	author = {Lochm{\"u}ller, E M and Groll, O and Kuhn, V and Eckstein, F},
	month = jan,
	year = {2002},
	pages = {207--216},
},

@article{lofman_changes_2002,
	title = {Changes in Hip Fracture Epidemiology: Redistribution Between Ages, Genders and Fracture Types},
	volume = {13},
	issn = {0937-{941X}, 1433-2965},
	shorttitle = {Changes in Hip Fracture Epidemiology},
	url = {http://link.springer.com/article/10.1007/s198-002-8333-x},
	doi = {10.1007/s198-002-8333-x},
	number = {1},
	note = "[Accessed on 2013-07-11]",
	journal = {Osteoporosis International},
	author = {L{\"o}fman, O. and Berglund, K. and Larsson, L. and Toss, G.},
	month = jan,
	year = {2002},
	pages = {18--25},
},

@article{schreier_systematic_2002,
	title = {Systematic errors in digital image correlation due to undermatched subset shape functions},
	volume = {42},
	issn = {0014-4851},
	url = {http://www.springerlink.com/content/yt8r554823n04328/},
	doi = {10.1007/BF02410987},
	number = {3},
	note = "[Accessed on 2010-11-09]",
	journal = {Experimental Mechanics},
	author = {Schreier, Hubert W. and Sutton, Michael A.},
	month = sep,
	year = {2002},
	pages = {303--310},
},

@article{shah_algorithms_2002,
	title = {Algorithms For The Treatment of Femoral Neck Fractures},
	issn = {0009-{921X}},
	url = {http://ovidsp.ovid.com/ovidweb.cgi?T=JS&CSC=Y&NEWS=N&PAGE=fulltext&D=ovftf&AN=00003086-200206000-00005},
	note = "[Accessed on 2013-07-26]",
	journal = {Clinical Orthopaedics and Related Research},
	author = {Shah, Asit K. and Eissler, Jesse and Radomisli, Timothy},
	month = jun,
	year = {2002},
	pages = {28--34},
},

@article{smith_digital_2002,
	title = {Digital volume correlation including rotational degrees of freedom during minimization},
	volume = {42},
	issn = {0014-4851},
	url = {http://www.springerlink.com/content/e8804wl826518920/},
	doi = {10.1007/BF02410982},
	number = {3},
	note = "[Accessed on 2010-12-08]",
	journal = {Experimental Mechanics},
	author = {Smith, Tait S. and Bay, Brian K. and Rashid, Mark M.},
	month = sep,
	year = {2002},
	pages = {272--278},
},

@article{turner_biomechanics_2002,
	title = {Biomechanics of Bone: Determinants of Skeletal Fragility and Bone Quality},
	volume = {13},
	issn = {0937-{941X}, 1433-2965},
	shorttitle = {Biomechanics of Bone},
	url = {http://link.springer.com/article/10.1007/s001980200000},
	doi = {10.1007/s001980200000},
	number = {2},
	note = "[Accessed on 2013-07-23]",
	journal = {Osteoporosis International},
	author = {Turner, C. H.},
	month = feb,
	year = {2002},
	pages = {97--104},
},

@article{beason_bone_2003,
	title = {Bone mineral density correlates with fracture load in experimental side impacts of the pelvis},
	volume = {36},
	url = {http://www.ncbi.nlm.nih.gov/pubmed/12547359},
	number = {2},
	note = "[Accessed on 2014-01-11]",
	journal = {Journal of Biomechanics},
	author = {Beason, D. P. and Dakin, G. J. and Lopez, R. R. and Alonso, J. E. and Bandak, F. A. and Eberhardt, A. W.},
	year = {2003},
	pages = {219--27},
},

@article{bhandari_internal_2003,
	title = {Internal fixation compared with arthroplasty for displaced fractures of the femoral neck A meta-analysis},
	volume = {85},
	url = {http://jbjs.org/article.aspx?articleID=26075},
	number = {9},
	note = "[Accessed on 2013-07-25]",
	journal = {The Journal of Bone and Joint Surgery},
	author = {Bhandari, Mohit and Devereaux, P. J. and Swiontkowski, Marc F. and {TornettaIII}, Paul and Obremskey, William and Koval, Kenneth J. and Nork, Sean and Sprague, Sheila and Schemitsch, Emil H. and Guyatt, Gordon H.},
	year = {2003},
	pages = {1673{\textendash}1681},
},

@article{bouxsein_bone_2003,
	title = {Bone quality: where do we go from here?},
	volume = {14},
	issn = {0937-{941X}, 1433-2965},
	shorttitle = {Bone quality},
	url = {http://www.springerlink.com/content/ltrcvq9uuqba1j15/},
	doi = {10.1007/s00198-003-1489-x},
	number = {{5S}},
	note = "[Accessed on 2011-10-28]",
	journal = {Osteoporosis International},
	author = {Bouxsein, Mary L.},
	month = sep,
	year = {2003},
	pages = {118--127},
},

@article{braithwaite_estimating_2003,
	title = {Estimating Hip Fracture Morbidity, Mortality and Costs},
	volume = {51},
	issn = {00028614},
	doi = {10.1046/j.1532-5415.2003.51110.x},
	number = {3},
	note = "[Accessed on 2011-02-02]",
	journal = {Journal of the American Geriatrics Society},
	author = {Braithwaite, R. Scott and Col, Nananda F. and Wong, John B.},
	month = mar,
	year = {2003},
	pages = {364--370},
},

@article{hung_-plane_2003,
	title = {In-plane strain measurement by digital image correlation},
	volume = {25},
	issn = {1678-5878},
	url = {http://www.scielo.br/scielo.php?pid=S1678-58782003000300001&script=sci_arttext},
	doi = {10.1590/S1678-58782003000300001},
	number = {3},
	note = "[Accessed on 2010-11-03]",
	journal = {Journal of the Brazilian Society of Mechanical Sciences and Engineering},
	author = {Hung, Po-Chih and Voloshin, A. S.},
	month = sep,
	year = {2003},
},

@misc{ibanez_imageoriginandspacing.fig_2003,
	title = {{ImageOriginAndSpacing.fig}},
	url = {http://itk.org/gitweb?p=ITKSoftwareGuide.git;a=blob_plain;f=SoftwareGuide/Art/ImageOriginAndSpacing.fig;hb=HEAD},
	author = {Ibanez, Louis},
	year = {2003},
	note = "[Accessed on 2014-01-11]",
},

@misc{ibanez_registrationcomponentsdiagram.fig_2003,
	title = {{RegistrationComponentsDiagram.fig}},
	copyright = {{BSD-2}},
	url = {http://itk.org/gitweb?p=ITKSoftwareGuide.git;a=blob_plain;f=SoftwareGuide/Art/RegistrationComponentsDiagram.fig;hb=HEAD},
	author = {Ibanez, Louis},
	year = {2003},
	note = "[Accessed on 2014-01-11]",
},

@book{ibanez_itk_2003,
	title = {{ITK} Software Guide : updated for version 2.4.},
	isbn = {9781930934153},
	url = {http://www.itk.org/ItkSoftwareGuide.pdf},
	publisher = {Kitware Inc.},
	author = {Ibanez, Louis and Schroeder, Will and Ng, Lydia and Cates, Josh and {Insight Software Consortium}},
	year = {2003},
	note = "[Accessed on 2014-01-11]",
},

@article{jain_anteversion_2003,
	title = {Anteversion of the femoral neck in Indian dry femora},
	volume = {8},
	issn = {0949-2658},
	url = {http://www.ncbi.nlm.nih.gov/pubmed/12768475},
	doi = {10.1007/s10776-003-0648-5},
	number = {3},
	note = "[Accessed on 2010-10-24]",
	journal = {Journal of Orthopaedic Science: Official Journal of the Japanese Orthopaedic Association},
	author = {Jain, A K and Maheshwari, Aditya V and Nath, S and Singh, M P and Nagar, M},
	year = {2003},
	pages = {334--340},
},

@article{khang_study_2003,
	title = {A study of Korean femoral geometry},
	issn = {0009-{921X}},
	url = {http://www.ncbi.nlm.nih.gov/pubmed/12579009},
	doi = {10.1097/01.blo.0000030502.43495.c1},
	number = {406},
	note = "[Accessed on 2010-10-24]",
	journal = {Clinical Orthopaedics and Related Research},
	author = {Khang, Gon and Choi, Kuiwon and Kim, Cheol-Sang and Yang, Jong Soo and Bae, Tae-Soo},
	month = jan,
	year = {2003},
	pages = {116--122},
},

@article{kuo_measurement_2003,
	title = {Measurement of femoral anteversion by biplane radiography and computed tomography imaging: comparison with an anatomic reference},
	volume = {38},
	issn = {0020-9996},
	shorttitle = {Measurement of femoral anteversion by biplane radiography and computed tomography imaging},
	url = {http://www.ncbi.nlm.nih.gov/pubmed/12649646},
	doi = {10.1097/01.RLI.0000059542.90854.EF},
	number = {4},
	note = "[Accessed on 2010-10-24]",
	journal = {Investigative Radiology},
	author = {Kuo, Tony Y and Skedros, John G and Bloebaum, Roy D},
	month = apr,
	year = {2003},
	pages = {221--229},
},

@article{marks_hip_2003,
	title = {Hip fractures among the elderly: causes, consequences and control},
	volume = {2},
	issn = {1568-1637},
	shorttitle = {Hip fractures among the elderly},
	url = {http://www.sciencedirect.com/science/article/B6X1H-46WW28D-1/2/9c01cb5c1d00557f93ac86d3eaa240d0},
	doi = {10.1016/S1568-1637(02)00045-4},
	number = {1},
	note = "[Accessed on 2010-11-23]",
	journal = {Ageing Research Reviews},
	author = {Marks, Ray and Allegrante, John P. and {MacKenzie}, C. Ronald and Lane, Joseph M.},
	month = jan,
	year = {2003},
	pages = {57--93},
},

@article{morgan_trabecular_2003,
	title = {Trabecular bone modulus{\textendash}density relationships depend on anatomic site},
	volume = {36},
	issn = {0021-9290},
	url = {http://www.sciencedirect.com/science/article/pii/S002192900300071X},
	doi = {10.1016/S0021-9290(03)00071-X},
	number = {7},
	note = "[Accessed on 2012-12-22]",
	journal = {Journal of Biomechanics},
	author = {Morgan, Elise F. and Bayraktar, Harun H. and Keaveny, Tony M.},
	month = jul,
	year = {2003},
	pages = {897--904},
},

@article{nalla_mechanistic_2003,
	title = {Mechanistic fracture criteria for the failure of human cortical bone},
	volume = {2},
	issn = {1476-1122},
	url = {http://dx.doi.org/10.1038/nmat832},
	doi = {10.1038/nmat832},
	number = {3},
	note = "[Accessed on 2011-03-17]",
	journal = {Nat Mater},
	author = {Nalla, {R.K.} and Kinney, {J.H.} and Ritchie, {R.O.}},
	month = mar,
	year = {2003},
	pages = {164--168},
},

@article{philippe_k._review_2003,
	title = {A review of morphology-elasticity relationships in human trabecular bone: theories and experiments},
	volume = {36},
	issn = {0021-9290},
	shorttitle = {A review of morphology{\^a}{\texteuro}{\textquotedblleft}elasticity relationships in human trabecular bone},
	url = {http://www.sciencedirect.com/science/article/pii/S0021929003001283},
	doi = {10.1016/S0021-9290(03)00128-3},
	number = {10},
	note = "[Accessed on 2011-10-06]",
	journal = {Journal of Biomechanics},
	author = {Philippe K., Zysset},
	month = oct,
	year = {2003},
	pages = {1469--1485},
},

@article{richmond_mortality_2003,
	title = {Mortality risk after hip fracture},
	volume = {17},
	issn = {0890-5339},
	url = {http://www.ncbi.nlm.nih.gov/pubmed/12499968},
	number = {1},
	note = "[Accessed on 2011-09-02]",
	journal = {Journal of Orthopaedic Trauma},
	author = {Richmond, Jeffrey and Aharonoff, Gina B and Zuckerman, Joseph D and Koval, Kenneth J},
	month = jan,
	year = {2003},
	pages = {53--56},
},

@article{stone_bmd_2003,
	title = {{BMD} at multiple sites and risk of fracture of multiple types: long-term results from the Study of Osteoporotic Fractures},
	volume = {18},
	issn = {0884-0431},
	shorttitle = {{BMD} at multiple sites and risk of fracture of multiple types},
	url = {http://www.ncbi.nlm.nih.gov/pubmed/14606506},
	doi = {10.1359/jbmr.2003.18.11.1947},
	number = {11},
	note = "[Accessed on 2011-02-03]",
	journal = {Journal of Bone and Mineral Research},
	author = {Stone, Katie L and Seeley, Dana G and Lui, Li-Yung and Cauley, Jane A and Ensrud, Kristine and Browner, Warren S and Nevitt, Michael C and Cummings, Steven R},
	month = nov,
	year = {2003},
	pages = {1947--1954},
},

@article{bayraktar_comparison_2004,
	title = {Comparison of the elastic and yield properties of human femoral trabecular and cortical bone tissue},
	volume = {37},
	issn = {0021-9290},
	url = {http://www.sciencedirect.com/science/article/B6T82-494HK7J-8/2/0ffa5b5cee1703da936060e713f6af42},
	doi = {10.1016/S0021-9290(03)00257-4},
	number = {1},
	note = "[Accessed on 2010-12-13]",
	journal = {Journal of Biomechanics},
	author = {Bayraktar, Harun H. and Morgan, Elise F. and Niebur, Glen L. and Morris, Grayson E. and Wong, Eric K. and Keaveny, Tony M.},
	month = jan,
	year = {2004},
	pages = {27--35},
},

@article{eckstein_reproducibility_2004,
	title = {Reproducibility and side differences of mechanical tests for determining the structural strength of the proximal femur},
	volume = {19},
	issn = {0884-0431},
	url = {http://www.ncbi.nlm.nih.gov/pubmed/15040825},
	doi = {10.1359/JBMR.0301247},
	number = {3},
	note = "[Accessed on 2010-10-25]",
	journal = {Journal of Bone and Mineral Research},
	author = {Eckstein, Felix and Wunderer, Caecilia and Boehm, Holger and Kuhn, Volker and Priemel, Mathias and Link, Thomas M and Lochm{\"u}ller, Eva-Maria},
	month = mar,
	year = {2004},
	pages = {379--385},
},

@article{heini_femoroplasty-augmentation_2004,
	title = {Femoroplasty-augmentation of mechanical properties in the osteoporotic proximal femur: a biomechanical investigation of {PMMA} reinforcement in cadaver bones},
	volume = {19},
	url = {http://www.ncbi.nlm.nih.gov/entrez/query.fcgi?cmd=Retrieve&db=PubMed&dopt=Citation&list_uids=15182986},
	number = {5},
	note = "[Accessed on 2014-01-11]",
	journal = {Clinical Biomechanics},
	author = {Heini, P. F. and Franz, T. and Fankhauser, C. and Gasser, B. and Ganz, R.},
	year = {2004},
	pages = {506--12},
},

@article{majumder_dynamic_2004,
	title = {Dynamic response of the pelvis under side impact load - a three-dimensional finite element approach},
	volume = {9},
	issn = {1358-8265},
	url = {http://www.tandfonline.com/doi/abs/10.1533/ijcr.2004.0274},
	doi = {10.1533/ijcr.2004.0274},
	number = {1},
	note = "[Accessed on 2011-07-27]",
	journal = {International Journal of Crashworthiness},
	author = {Majumder, S. and Roychowdhury, A. and Pal, S.},
	month = jan,
	year = {2004},
	pages = {89--103},
},

@article{matsuda_anatomical_2004,
	title = {Anatomical analysis of the femoral condyle in normal and osteoarthritic knees},
	volume = {22},
	copyright = {Copyright {\textcopyright} 2003 Orthopaedic Research Society},
	issn = {1554-{527X}},
	doi = {10.1016/S0736-0266(03)00134-7},
	number = {1},
	note = "[Accessed on 2013-09-09]",
	journal = {Journal of Orthopaedic Research},
	author = {Matsuda, Shuichi and Miura, Hiromasa and Nagamine, Ryuji and Mawatari, Taro and Tokunaga, Masami and Nabeyama, Ryotaro and Iwamoto, Yukihide},
	year = {2004},
	pages = {104{\textendash}109},
},

@article{osnes_consequences_2004,
	title = {Consequences of hip fracture on activities of daily life and residential needs},
	volume = {15},
	issn = {0937-{941X}},
	url = {http://www.ncbi.nlm.nih.gov/pubmed/14730422},
	doi = {10.1007/s00198-003-1583-0},
	number = {7},
	note = "[Accessed on 2011-09-01]",
	journal = {Osteoporosis International: A Journal Established as Result of Cooperation Between the European Foundation for Osteoporosis and the National Osteoporosis Foundation of the {USA}},
	author = {Osnes, E K and Lofthus, C M and Meyer, H E and Falch, J A and Nordsletten, L and Cappelen, I and Kristiansen, I S},
	month = jul,
	year = {2004},
	pages = {567--574},
},

@article{pithioux_comparison_2004,
	title = {Comparison of compact bone failure under two different loading rates: experimental and modelling approaches},
	volume = {26},
	issn = {1350-4533},
	shorttitle = {Comparison of compact bone failure under two different loading rates},
	url = {http://www.sciencedirect.com/science/article/pii/S1350453304000918},
	doi = {10.1016/j.medengphy.2004.05.002},
	number = {8},
	note = "[Accessed on 2012-12-05]",
	journal = {Medical Engineering and Physics},
	author = {Pithioux, M. and Subit, D. and Chabrand, P.},
	month = oct,
	year = {2004},
	pages = {647--653},
},

@article{pool-goudzwaard_contribution_2004,
	title = {Contribution of pelvic floor muscles to stiffness of the pelvic ring},
	volume = {19},
	issn = {0268-0033},
	url = {http://www.sciencedirect.com/science/article/pii/S026800330400049X},
	doi = {16/j.clinbiomech.2004.02.008},
	number = {6},
	note = "[Accessed on 2011-07-19]",
	journal = {Clinical Biomechanics},
	author = {Pool-Goudzwaard, Annelies and Hoek van Dijke, Gilbert and van Gurp, Marcel and Mulder, Paul and Snijders, Chris and Stoeckart, Rob},
	month = jul,
	year = {2004},
	pages = {564--571},
},

@article{siris_bone_2004,
	title = {Bone Mineral Density Thresholds for Pharmacological Intervention to Prevent Fractures},
	volume = {164},
	doi = {10.1001/archinte.164.10.1108},
	number = {10},
	note = "[Accessed on 2011-05-06]",
	journal = {Archives of Internal Medicine},
	author = {Siris, Ethel S. and Chen, Ya-Ting and Abbott, Thomas A. and Barrett-Connor, Elizabeth and Miller, Paul D. and Wehren, Lois E. and Berger, Marc L.},
	month = may,
	year = {2004},
	pages = {1108--1112},
},

@article{sran_accuracy_2004,
	title = {Accuracy of {DXA} scanning of the thoracic spine: cadaveric studies comparing {BMC}, areal {BMD} and geometric estimates of volumetric {BMD} against ash weight and {CT} measures of bone volume},
	volume = {14},
	issn = {0940-6719, 1432-0932},
	shorttitle = {Accuracy of {DXA} scanning of the thoracic spine},
	url = {http://www.springerlink.com/index/10.1007/s00586-004-0836-8},
	doi = {10.1007/s00586-004-0836-8},
	number = {10},
	note = "[Accessed on 2013-02-12]",
	journal = {European Spine Journal},
	author = {Sran, Meena M. and Khan, Karim M. and Keiver, Kathy and Chew, Jason B. and {McKay}, Heather A. and Oxland, Thomas R.},
	month = dec,
	year = {2004},
	pages = {971--976},
},

@article{viceconti_automatic_2004,
	title = {Automatic generation of accurate subject-specific bone finite element models to be used in clinical studies},
	volume = {37},
	url = {http://www.ncbi.nlm.nih.gov/entrez/query.fcgi?cmd=Retrieve&db=PubMed&dopt=Citation&list_uids=15336935},
	number = {10},
	note = "[Accessed on 2014-01-11]",
	journal = {Journal of Biomechanics},
	author = {Viceconti, M. and Davinelli, M. and Taddei, F. and Cappello, A.},
	year = {2004},
	pages = {1597--605},
},

@article{el-kaissi_femoral_2005,
	title = {Femoral neck geometry and hip fracture risk: the Geelong osteoporosis study},
	volume = {16},
	issn = {0937-{941X}},
	shorttitle = {Femoral neck geometry and hip fracture risk},
	url = {http://www.springerlink.com/content/tt38660011527221/},
	doi = {10.1007/s00198-005-1988-z},
	number = {10},
	note = "[Accessed on 2011-09-01]",
	journal = {Osteoporosis International},
	author = {El-Kaissi, S. and Pasco, J. A. and Henry, M. J. and Panahi, S. and Nicholson, J. G. and Nicholson, G. C. and Kotowicz, M. A.},
	month = aug,
	year = {2005},
	pages = {1299--1303},
},

@article{etheridge_effects_2005,
	title = {Effects of Trochanteric Soft Tissues and Bone Density on Fracture of the Female Pelvis in Experimental Side Impacts},
	volume = {33},
	issn = {0090-6964, 1573-9686},
	url = {http://www.springerlink.com/content/r1152x54g84420l4/},
	doi = {10.1007/s10439-005-8984-5},
	note = "[Accessed on 2011-09-16]",
	journal = {Annals of Biomedical Engineering},
	author = {Etheridge, Brandon S. and Beason, David P. and Lopez, Robert R. and Alonso, Jorge E. and {McGwin}, Gerald and Eberhardt, Alan W.},
	month = feb,
	year = {2005},
	pages = {248--254},
},

@book{gdoutos_fracture_2005,
	address = {Dordrecht; Norwell, {MA}},
	title = {Fracture mechanics an introduction},
	isbn = {9781402031533 {140203153X} 1402028636 9781402028632},
	url = {http://public.eblib.com/EBLPublic/PublicView.do?ptiID=303140},
	note = "[Accessed on 2013-07-23]",
	publisher = {Springer ; Distributed in North, Central and South America by Springer},
	author = {Gdoutos, E. E},
	year = {2005},
},

@article{harma_comparison_2005,
	title = {The comparison of femoral curves and curves of contemporary intramedullary nails},
	volume = {27},
	issn = {0930-1038, 1279-8517},
	url = {http://link.springer.com/article/10.1007/s00276-005-0019-2},
	doi = {10.1007/s00276-005-0019-2},
	number = {6},
	note = "[Accessed on 2013-03-08]",
	journal = {Surgical and Radiologic Anatomy},
	author = {Harma, Ahmet and Germen, Burak and Karakas, Hakki Muammer and Elmali, Nurzat and Inan, Muharrem},
	month = dec,
	year = {2005},
	pages = {502--506},
},

@article{johnell_epidemiology_2005,
	title = {Epidemiology of osteoporotic fractures},
	volume = {16},
	issn = {0937-{941X}, 1433-2965},
	url = {http://link.springer.com/article/10.1007/s00198-004-1702-6},
	doi = {10.1007/s00198-004-1702-6},
	number = {2},
	note = "[Accessed on 2013-02-25]",
	journal = {Osteoporosis International},
	author = {Johnell, Olof and Kanis, John},
	month = mar,
	year = {2005},
	pages = {S3--S7},
},

@article{johnell_predictive_2005,
	title = {Predictive Value of {BMD} for Hip and Other Fractures},
	volume = {20},
	issn = {1523-4681},
	doi = {10.1359/JBMR.050304},
	number = {7},
	note = "[Accessed on 2011-09-01]",
	journal = {Journal of Bone and Mineral Research},
	author = {Johnell, Olof and Kanis, John A and Oden, Anders and Johansson, Helena and De Laet, Chris and Delmas, Pierre and Eisman, John A and Fujiwara, Seiko and Kroger, Heikki and Mellstrom, Dan and Meunier, Pierre J and Melton {III}, L Joseph and {O'Neill}, Terry and Pols, Huibert and Reeve, Jonathan and Silman, Alan and Tenenhouse, Alan},
	month = jul,
	year = {2005},
	pages = {1185--1194},
},

@article{liu_minimum_2005,
	title = {On the minimum size of representative volume element: An experimental investigation},
	volume = {45},
	issn = {0014-4851},
	shorttitle = {On the minimum size of representative volume element},
	url = {http://www.springerlink.com/content/m736734145t80829/},
	doi = {10.1007/BF02427947},
	number = {3},
	note = "[Accessed on 2010-12-08]",
	journal = {Experimental Mechanics},
	author = {Liu, Cheng},
	month = jun,
	year = {2005},
	pages = {238--243},
},

@article{mayhew_relation_2005,
	title = {Relation between age, femoral neck cortical stability, and hip fracture risk},
	volume = {366},
	number = {9480},
	journal = {The Lancet},
	author = {Mayhew, P. M and Thomas, C. D and Clement, J. G and Loveridge, N. and Beck, T. J and Bonfield, W. and Burgoyne, C. J and Reeve, J.},
	year = {2005},
	pages = {129{\textendash}135},
},

@article{morgan_sensitivity_2005,
	title = {Sensitivity of Multiple Damage Parameters to Compressive Overload in Cortical Bone},
	volume = {127},
	issn = {01480731},
	url = {http://Biomechanical.asmedigitalcollection.asme.org/article.aspx?articleid=1414350},
	doi = {10.1115/1.1933916},
	number = {4},
	note = "[Accessed on 2013-06-04]",
	journal = {Journal of Biomechanical Engineering},
	author = {Morgan, Elise F. and Lee, John J. and Keaveny, Tony M.},
	year = {2005},
	pages = {557},
},

@article{nguyen_identification_2005,
	title = {Identification of {High-Risk} Individuals for Hip Fracture: A {14-Year} Prospective Study},
	volume = {20},
	issn = {1523-4681},
	shorttitle = {Identification of {High-Risk} Individuals for Hip Fracture},
	doi = {10.1359/JBMR.050520},
	number = {11},
	note = "[Accessed on 2011-09-01]",
	journal = {Journal of Bone and Mineral Research},
	author = {Nguyen, Nguyen D and Pongchaiyakul, Chatlert and Center, Jacqueline R and Eisman, John A and Nguyen, Tuan V},
	month = nov,
	year = {2005},
	pages = {1921--1928},
},

@article{nguyen_abdominal_2005,
	title = {Abdominal fat and hip fracture risk in the elderly: The Dubbo Osteoporosis Epidemiology Study},
	volume = {6},
	copyright = {2005 Nguyen et al; licensee {BioMed} Central Ltd.},
	issn = {1471-2474},
	shorttitle = {Abdominal fat and hip fracture risk in the elderly},
	doi = {10.1186/1471-2474-6-11},
	number = {1},
	note = "[Accessed on 2013-02-18]",
	journal = {{BMC} Musculoskeletal Disorders},
	author = {Nguyen, Nguyen D. and Pongchaiyakul, Chatlert and Center, Jacqueline R. and Eisman, John A. and Nguyen, Tuan V.},
	month = feb,
	year = {2005},
	pages = {11},
},

@article{tong_evaluation_2005,
	title = {An Evaluation of Digital Image Correlation Criteria for Strain Mapping Applications},
	volume = {41},
	issn = {00392103},
	doi = {10.1111/j.1475-1305.2005.00227.x},
	number = {4},
	note = "[Accessed on 2010-11-09]",
	journal = {Strain},
	author = {Tong, W.},
	month = nov,
	year = {2005},
	pages = {167--175},
},

@article{turner_biomechanics_2005,
	title = {The biomechanics of hip fracture},
	volume = {366},
	doi = {10.1016/SO140-6736(05)66842-0},
	journal = {The Lancet},
	author = {Turner, Charles H},
	month = jul,
	year = {2005},
	pages = {98--99},
},

@article{bing_performance_2006,
	title = {Performance of sub-pixel registration algorithms in digital image correlation},
	volume = {17},
	issn = {0957-0233},
	url = {http://iopscience.iop.org/0957-0233/17/6/045},
	doi = {10.1088/0957-0233/17/6/045},
	number = {6},
	note = "[Accessed on 2010-11-03]",
	journal = {Measurement Science and Technology},
	author = {Bing, Pan and Hui-min, Xie and Bo-qin, Xu and Fu-long, Dai},
	month = jun,
	year = {2006},
	pages = {1615--1621},
},

@article{bouxsein_biomechanics_2006,
	title = {Biomechanics of osteoporotic fractures},
	volume = {4},
	issn = {1534-8644, 1559-0119},
	url = {http://link.springer.com/article/10.1385/BMM%3A4%3A3%3A143},
	doi = {10.1385/BMM:4:3:143},
	number = {3},
	note = "[Accessed on 2013-07-22]",
	journal = {Clinical Reviews in Bone and Mineral Metabolism},
	author = {Bouxsein, Mary L.},
	month = sep,
	year = {2006},
	pages = {143--153},
},

@phdthesis{de_bakker_hip_2006,
	address = {Vancouver, Canada},
	type = {Master of Applied Science},
	title = {Hip Fractures: Understanding the Mechanism and Seeking  Prevention Through Prophylactic Augmentation of the  Proximal Femur},
	school = {University of British Columbia},
	author = {de Bakker, Peter Michael},
	month = jul,
	year = {2006},
},

@article{fukushima_bilateral_2006,
	title = {Bilateral hip fractures},
	volume = {11},
	issn = {0949-2658, 1436-2023},
	url = {http://link.springer.com/article/10.1007/s00776-006-1056-3},
	doi = {10.1007/s00776-006-1056-3},
	number = {5},
	note = "[Accessed on 2013-02-25]",
	journal = {Journal of Orthopaedic Science},
	author = {Fukushima, Tatsuki and Sudo, Akihiro and Uchida, Atsumasa},
	month = sep,
	year = {2006},
	pages = {435--438},
},

@article{hoc_effect_2006,
	title = {Effect of microstructure on the mechanical properties of Haversian cortical bone},
	volume = {38},
	issn = {8756-3282},
	url = {http://www.ncbi.nlm.nih.gov/pubmed/16332459},
	doi = {10.1016/j.bone.2005.09.017},
	number = {4},
	note = "[Accessed on 2010-12-22]",
	journal = {Bone},
	author = {Hoc, T and Henry, L and Verdier, M and Aubry, D and Sedel, L and Meunier, A},
	month = apr,
	year = {2006},
	pages = {466--474},
},

@article{kannus_sideways_2006,
	title = {A sideways fall and hip fracture},
	volume = {39},
	issn = {8756-3282},
	url = {http://www.sciencedirect.com/science/article/B6T4Y-4JCCG4J-1/2/06c19bc989590cb1ad8afb05ab295ab0},
	doi = {10.1016/j.bone.2006.01.148},
	number = {2},
	note = "[Accessed on 2011-05-17]",
	journal = {Bone},
	author = {Kannus, Pekka and Leiponen, Petri and Parkkari, Jari and Palvanen, Mika and J{\"a}rvinen, Markku},
	month = aug,
	year = {2006},
	pages = {383--384},
},

@article{laing_effect_2006,
	title = {Effect of compliant flooring on impact force during falls on the hip},
	volume = {24},
	issn = {0736-0266},
	url = {http://www.ncbi.nlm.nih.gov/pubmed/16705716},
	doi = {10.1002/jor.20172},
	number = {7},
	note = "[Accessed on 2010-10-28]",
	journal = {Journal of Orthopaedic Research},
	author = {Laing, Andrew C and Tootoonchi, Iman and Hulme, Paul A and Robinovitch, Stephen N},
	month = jul,
	year = {2006},
	pages = {1405--1411},
},

@article{lecompte_quality_2006,
	title = {Quality assessment of speckle patterns for digital image correlation},
	volume = {44},
	issn = {0143-8166},
	url = {http://www.sciencedirect.com/science/article/pii/S0143816605001727},
	doi = {10.1016/j.optlaseng.2005.10.004},
	number = {11},
	note = "[Accessed on 2013-06-07]",
	journal = {Optics and Lasers in Engineering},
	author = {Lecompte, D. and Smits, A. and Bossuyt, Sven and Sol, H. and Vantomme, J. and Van Hemelrijck, D. and Habraken, {A.M.}},
	month = nov,
	year = {2006},
	pages = {1132--1145},
},

@article{manske_femoral_2006,
	title = {Femoral neck cortical geometry measured with magnetic resonance imaging is associated with proximal femur strength},
	volume = {17},
	issn = {0937-{941X}},
	url = {http://www.springerlink.com/content/x306v5v06728n141/},
	doi = {10.1007/s00198-006-0162-6},
	number = {10},
	note = "[Accessed on 2010-11-03]",
	journal = {Osteoporosis International},
	author = {Manske, S. L. and Liu-Ambrose, T. and Bakker, P. M. and Liu, D. and Kontulainen, S. and Guy, P. and Oxland, T. R. and {McKay}, H. A.},
	month = jul,
	year = {2006},
	pages = {1539--1545},
},

@article{mercer_mechanisms_2006,
	title = {Mechanisms governing the inelastic deformation of cortical bone and application to trabecular bone},
	volume = {2},
	issn = {1742-7061},
	url = {http://www.sciencedirect.com/science/article/pii/S1742706105001224},
	doi = {10.1016/j.actbio.2005.08.004},
	number = {1},
	note = "[Accessed on 2011-10-24]",
	journal = {Acta Biomaterialia},
	author = {Mercer, C. and He, {M.Y.} and Wang, R. and Evans, {A.G.}},
	month = jan,
	year = {2006},
	pages = {59--68},
},

@article{nazarian_interaction_2006,
	title = {The interaction of microstructure and volume fraction in predicting failure in cancellous bone},
	volume = {39},
	issn = {8756-3282},
	url = {http://www.ncbi.nlm.nih.gov/pubmed/16920051},
	doi = {10.1016/j.bone.2006.06.013},
	number = {6},
	note = "[Accessed on 2011-12-15]",
	journal = {Bone},
	author = {Nazarian, Ara and Stauber, Martin and Zurakowski, David and Snyder, Brian D and M{\"u}ller, Ralph},
	month = dec,
	year = {2006},
	pages = {1196--1202},
},

@article{parker_effectiveness_2006,
	title = {Effectiveness of hip protectors for preventing hip fractures in elderly people: systematic review},
	volume = {332},
	shorttitle = {Effectiveness of hip protectors for preventing hip fractures in elderly people},
	doi = {10.1136/bmj.38753.375324.7C},
	number = {7541},
	note = "[Accessed on 2011-09-02]",
	journal = {{BMJ}},
	author = {Parker, Martyn J and Gillespie, William J and Gillespie, Lesley D},
	month = mar,
	year = {2006},
	pages = {571 --574},
},

@article{pulkkinen_association_2006,
	title = {Association of geometric factors and failure load level with the distribution of cervical vs. trochanteric hip fractures},
	volume = {21},
	issn = {0884-0431},
	url = {http://www.ncbi.nlm.nih.gov/pubmed/16753020},
	doi = {10.1359/jbmr.060305},
	number = {6},
	note = "[Accessed on 2011-09-02]",
	journal = {Journal of Bone and Mineral Research},
	author = {Pulkkinen, Pasi and Eckstein, Felix and Lochm{\"u}ller, Eva-Maria and Kuhn, Volker and J{\"a}ms{\"a}, Timo},
	month = jun,
	year = {2006},
	pages = {895--901},
},

@article{seeman_bone_2006,
	title = {Bone Quality {\textemdash} The Material and Structural Basis of Bone Strength and Fragility},
	volume = {354},
	issn = {0028-4793},
	url = {http://dx.doi.org/10.1056/NEJMra053077},
	doi = {10.1056/NEJMra053077},
	number = {21},
	note = "[Accessed on 2014-01-11]",
	journal = {N Engl J Med},
	author = {Seeman, Ego and Delmas, Pierre D.},
	year = {2006},
	pages = {2250--2261},
},

@article{taddei_finite-element_2006,
	title = {Finite-Element Modeling of Bones From {CT} Data: Sensitivity to Geometry and Material Uncertainties},
	volume = {53},
	issn = {0018-9294},
	shorttitle = {Finite-Element Modeling of Bones From {CT} Data},
	doi = {10.1109/TBME.2006.879473},
	number = {11},
	journal = {{IEEE} Transactions on Biomedical Engineering},
	author = {Taddei, F. and Martelli, S. and Reggiani, B. and Cristofolini, L. and Viceconti, M.},
	year = {2006},
	pages = {2194--2200},
},

@article{van_schoor_biomechanical_2006,
	title = {Biomechanical comparison of hard and soft hip protectors, and the influence of soft tissue},
	volume = {39},
	issn = {8756-3282},
	url = {http://www.sciencedirect.com/science/article/pii/S8756328206002572},
	doi = {16/j.bone.2006.01.156},
	number = {2},
	note = "[Accessed on 2011-09-02]",
	journal = {Bone},
	author = {van Schoor, {N.M.} and van der Veen, {A.J.} and Schaap, {L.A.} and Smit, {T.H.} and Lips, P.},
	month = aug,
	year = {2006},
	pages = {401--407},
},

@article{verhulp_comparison_2006,
	title = {Comparison of micro-level and continuum-level voxel models of the proximal femur},
	volume = {39},
	issn = {0021-9290},
	url = {http://www.sciencedirect.com/science/article/B6T82-4HTBM51-1/2/997ef2f3a5ce0a0374514ee7b82e530d},
	doi = {10.1016/j.jbiomech.2005.10.027},
	number = {16},
	note = "[Accessed on 2010-11-04]",
	journal = {Journal of Biomechanics},
	author = {Verhulp, E. and van Rietbergen, B. and Huiskes, R.},
	year = {2006},
	pages = {2951--2957},
},

@article{beckmann_femoroplasty--augmentation_2007,
	title = {Femoroplasty--augmentation of the proximal femur with a composite bone cement--feasibility, biomechanical properties and osteosynthesis potential},
	volume = {29},
	issn = {1350-4533},
	url = {http://www.ncbi.nlm.nih.gov/pubmed/17023189},
	doi = {10.1016/j.medengphy.2006.08.006},
	number = {7},
	note = "[Accessed on 2011-12-02]",
	journal = {Medical Engineering and Physics},
	author = {Beckmann, J and Ferguson, S J and Gebauer, M and Luering, C and Gasser, B and Heini, P},
	month = sep,
	year = {2007},
	pages = {755--764},
},

@article{bouxsein_contribution_2007,
	title = {Contribution of Trochanteric Soft Tissues to Fall Force Estimates, the Factor of Risk, and Prediction of Hip Fracture Risk},
	volume = {22},
	copyright = {Copyright {\textcopyright} 2007 {ASBMR}},
	issn = {1523-4681},
	doi = {10.1359/jbmr.070309},
	number = {6},
	note = "[Accessed on 2013-02-18]",
	journal = {Journal of Bone and Mineral Research},
	author = {Bouxsein, Mary L and Szulc, Pawel and Munoz, Fracoise and Thrall, Erica and Sornay-Rendu, Elizabeth and Delmas, Pierre D},
	year = {2007},
	pages = {825--831},
},

@article{cristofolini_vitro_2007,
	title = {In vitro replication of spontaneous fractures of the proximal human femur},
	volume = {40},
	issn = {0021-9290},
	url = {http://www.ncbi.nlm.nih.gov/pubmed/17475269},
	doi = {10.1016/j.jbiomech.2007.03.015},
	number = {13},
	note = "[Accessed on 2011-06-04]",
	journal = {Journal of Biomechanics},
	author = {Cristofolini, Luca and Juszczyk, Mateusz and Martelli, Saulo and Taddei, Fulvia and Viceconti, Marco},
	year = {2007},
	pages = {2837--2845},
},

@article{ebacher_strain_2007,
	title = {Strain redistribution and cracking behavior of human bone during bending},
	volume = {40},
	url = {http://www.ncbi.nlm.nih.gov/entrez/query.fcgi?cmd=Retrieve&db=PubMed&dopt=Citation&list_uids=17317352},
	number = {5},
	note = "[Accessed on 2014-01-11]",
	journal = {Bone},
	author = {Ebacher, V. and Tang, C. and {McKay}, H. and Oxland, T. R. and Guy, P. and Wang, R.},
	year = {2007},
	pages = {1265--75},
},

@article{feldman_reducing_2007,
	title = {Reducing hip fracture risk during sideways falls: evidence in young adults of the protective effects of impact to the hands and stepping},
	volume = {40},
	issn = {0021-9290},
	shorttitle = {Reducing hip fracture risk during sideways falls},
	url = {http://www.ncbi.nlm.nih.gov/pubmed/17395188},
	doi = {10.1016/j.jbiomech.2007.01.019},
	number = {12},
	note = "[Accessed on 2010-10-27]",
	journal = {Journal of Biomechanics},
	author = {Feldman, Fabio and Robinovitch, Stephen N},
	year = {2007},
	pages = {2612--2618},
},

@article{kiel_efficacy_2007,
	title = {Efficacy of a Hip Protector to Prevent Hip Fracture in Nursing Home Residents},
	volume = {298},
	doi = {10.1001/jama.298.4.413},
	number = {4},
	note = "[Accessed on 2011-09-01]",
	journal = {{JAMA:} The Journal of the American Medical Association},
	author = {Kiel, Douglas P. and Magaziner, Jay and Zimmerman, Sheryl and Ball, Linda and Barton, Bruce A. and Brown, Kathleen M. and Stone, Judith P. and Dewkett, Dawn and Birge, Stanley J.},
	month = jul,
	year = {2007},
	pages = {413 --422},
},

@article{laz_incorporating_2007,
	title = {Incorporating uncertainty in mechanical properties for finite element-based evaluation of bone mechanics},
	volume = {40},
	issn = {0021-9290},
	url = {http://www.sciencedirect.com/science/article/pii/S002192900700125X},
	doi = {10.1016/j.jbiomech.2007.03.013},
	number = {13},
	note = "[Accessed on 2013-08-08]",
	journal = {Journal of Biomechanics},
	author = {Laz, Peter J. and Stowe, Joshua Q. and Baldwin, Mark A. and Petrella, Anthony J. and Rullkoetter, Paul J.},
	year = {2007},
	pages = {2831--2836},
},

@article{lenoir_volumetric_2007,
	title = {Volumetric Digital Image Correlation Applied to X-ray Microtomography Images from Triaxial Compression Tests on Argillaceous Rock},
	volume = {43},
	issn = {00392103},
	doi = {10.1111/j.1475-1305.2007.00348.x},
	number = {3},
	note = "[Accessed on 2010-12-08]",
	journal = {Strain},
	author = {Lenoir, N. and Bornert, M. and Desrues, J. and B{\'e}suelle, P. and Viggiani, G.},
	month = aug,
	year = {2007},
	pages = {193--205},
},

@article{majumder_simulation_2007,
	title = {Simulation of hip fracture in sideways fall using a {3D} finite element model of pelvis-femur-soft tissue complex with simplified representation of whole body},
	volume = {29},
	issn = {1350-4533},
	url = {http://www.sciencedirect.com/science/article/pii/S1350453306002323},
	doi = {16/j.medengphy.2006.11.001},
	number = {10},
	note = "[Accessed on 2011-07-27]",
	journal = {Medical Engineering and Physics},
	author = {Majumder, Santanu and Roychowdhury, Amit and Pal, Subrata},
	month = dec,
	year = {2007},
	pages = {1167--1178},
},

@article{minns_are_2007,
	title = {Are hip protectors correctly positioned in use?},
	volume = {36},
	doi = {10.1093/ageing/afl186},
	number = {2},
	note = "[Accessed on 2010-11-25]",
	journal = {Age and Ageing},
	author = {Minns, R. J. and Marsh, A.-M. and Chuck, A. and Todd, J.},
	month = mar,
	year = {2007},
	pages = {140 --144},
},

@article{nachreiner_circumstances_2007,
	title = {Circumstances and consequences of falls in community-dwelling older women},
	volume = {16},
	issn = {1540-9996},
	url = {http://www.ncbi.nlm.nih.gov/pubmed/18062759},
	doi = {10.1089/jwh.2006.0245},
	number = {10},
	note = "[Accessed on 2011-09-01]",
	journal = {Journal of Women's Health},
	author = {Nachreiner, Nancy M and Findorff, Mary J and Wyman, Jean F and {McCarthy}, Teresa C},
	month = dec,
	year = {2007},
	pages = {1437--1446},
},

@article{nazarian_densitometric_2007,
	title = {Densitometric, morphometric and mechanical distributions in the human proximal femur},
	volume = {40},
	issn = {0021-9290},
	url = {http://www.sciencedirect.com/science/article/B6T82-4MX4W12-3/2/a2d9ebb037e5bb95aaa239ff47579d4a},
	doi = {10.1016/j.jbiomech.2006.11.022},
	number = {11},
	note = "[Accessed on 2011-02-04]",
	journal = {Journal of Biomechanics},
	author = {Nazarian, Ara and Muller, John and Zurakowski, David and M{\"u}ller, Ralph and Snyder, Brian D.},
	year = {2007},
	pages = {2573--2579},
},

@article{pan_full-field_2007,
	title = {Full-field strain measurement using a two-dimensional Savitzky-Golay digital differentiator in digital image correlation},
	volume = {46},
	url = {http://link.aip.org/link/?JOE/46/033601/1},
	number = {3},
	note = "[Accessed on 2010-11-09]",
	journal = {Optical Engineering},
	author = {Pan, Bing and Xie, Huimin and Guo, Zhiqing and Hua, Tao},
	month = mar,
	year = {2007},
	pages = {033601--10},
},

@article{skedros_mathematical_2007,
	title = {Mathematical analysis of trabecular {\textquoteleft}trajectories{\textquoteright} in apparent trajectorial structures: The unfortunate historical emphasis on the human proximal femur},
	volume = {244},
	issn = {0022-5193},
	shorttitle = {Mathematical analysis of trabecular {\textquoteleft}trajectories{\textquoteright} in apparent trajectorial structures},
	url = {http://www.sciencedirect.com/science/article/pii/S0022519306002773},
	doi = {10.1016/j.jtbi.2006.06.029},
	number = {1},
	note = "[Accessed on 2012-02-25]",
	journal = {Journal of Theoretical Biology},
	author = {Skedros, John G. and Baucom, Sidney L.},
	month = jan,
	year = {2007},
	pages = {15--45},
},

@article{sornayrendu_alterations_2007,
	title = {Alterations of Cortical and Trabecular Architecture Are Associated With Fractures in Postmenopausal Women, Partially Independent of Decreased {BMD} Measured by {DXA:} The {OFELY} Study},
	volume = {22},
	issn = {1523-4681},
	shorttitle = {Alterations of Cortical and Trabecular Architecture Are Associated With Fractures in Postmenopausal Women, Partially Independent of Decreased {BMD} Measured by {DXA}},
	doi = {10.1359/jbmr.061206},
	number = {3},
	note = "[Accessed on 2011-12-15]",
	journal = {Journal of Bone and Mineral Research},
	author = {{Sornay-Rendu}, Elisabeth and Boutroy, St{\'e}phanie and Munoz, Fran{\c c}oise and Delmas, Pierre D},
	month = mar,
	year = {2007},
	pages = {425--433},
},

@article{yaofeng_study_2007,
	title = {Study of optimal subset size in digital image correlation of speckle pattern images},
	volume = {45},
	issn = {0143-8166},
	url = {http://www.sciencedirect.com/science/article/pii/S0143816607000425},
	doi = {10.1016/j.optlaseng.2007.01.012},
	number = {9},
	note = "[Accessed on 2013-06-07]",
	journal = {Optics and Lasers in Engineering},
	author = {Yaofeng, Sun and Pang, John {H.L.}},
	month = sep,
	year = {2007},
	pages = {967--974},
},

@article{bay_methods_2008,
	title = {Methods and applications of digital volume correlation},
	volume = {43},
	issn = {0309-3247},
	url = {http://journals.pepublishing.com/content/r12586p6v04j1100/},
	doi = {10.1243/03093247JSA436},
	number = {8},
	note = "[Accessed on 2010-11-03]",
	journal = {The Journal of Strain Analysis for Engineering Design},
	author = {Bay, B K},
	month = aug,
	year = {2008},
	pages = {745--760},
},

@article{blain_cortical_2008,
	title = {Cortical and trabecular bone distribution in the femoral neck in osteoporosis and osteoarthritis},
	volume = {43},
	number = {5},
	journal = {Bone},
	author = {Blain, H. and Chavassieux, P. and Portero-Muzy, N. and Bonnel, F. and Canovas, F. and Chammas, M. and Maury, P. and Delmas, P. D.},
	year = {2008},
	pages = {862{\textendash}868},
},

@article{boehm_prediction_2008,
	title = {Prediction of the fracture load of whole proximal femur specimens by topological analysis of the mineral distribution in {DXA-scan} images},
	volume = {43},
	issn = {87563282},
	doi = {10.1016/j.bone.2008.07.244},
	number = {5},
	note = "[Accessed on 2011-01-24]",
	journal = {Bone},
	author = {Boehm, H and Horng, A and Notohamiprodjo, M and Eckstein, F and Burklein, D and Panteleon, A and Lutz, J and Reiser, M},
	month = nov,
	year = {2008},
	pages = {826--831},
},

@article{dincel_association_2008,
	title = {The association of proximal femur geometry with hip fracture risk},
	volume = {21},
	issn = {08973806, 10982353},
	url = {http://doi.wiley.com/10.1002/ca.20680},
	doi = {10.1002/ca.20680},
	number = {6},
	note = "[Accessed on 2013-08-07]",
	journal = {Clinical Anatomy},
	author = {Din{\c c}el, V. Ercan and Sengelen, Meltem and Sepici, Vesile and Cavusoglu, Turgay and Sepici, Beh{\c c}et},
	month = sep,
	year = {2008},
	pages = {575--580},
},

@inproceedings{f._bremand_study_2008,
	address = {Orlando, Florida {USA}},
	title = {Study of Mechanical Behavior of Cancellous Bone by Digital Volume Correlation and X-ray Micro-Computed Tomography},
	booktitle = {Proceedings of the {XIth} International Congress and Exposition},
	author = {{F. Br{\'e}mand} and {A. Germaneau} and {P. Doumalin} and {{J.C.} Dupr{\'e}}},
	month = jun,
	year = {2008},
},

@article{haleem_mortality_2008,
	title = {Mortality following hip fracture: Trends and geographical variations over the last 40 years},
	volume = {39},
	issn = {0020-1383},
	shorttitle = {Mortality following hip fracture},
	url = {http://www.sciencedirect.com/science/article/pii/S0020138308001423},
	doi = {16/j.injury.2008.03.022},
	number = {10},
	note = "[Accessed on 2011-09-01]",
	journal = {Injury},
	author = {Haleem, S. and Lutchman, L. and Mayahi, R. and Grice, {J.E.} and Parker, {M.J.}},
	month = oct,
	year = {2008},
	pages = {1157--1163},
},

@article{hansen_effect_2008,
	title = {The Effect of Strain Rate on the Mechanical Properties of Human Cortical Bone},
	volume = {130},
	issn = {01480731},
	url = {http://Biomechanical.asmedigitalcollection.asme.org/article.aspx?articleid=1475452},
	doi = {10.1115/1.2838032},
	number = {1},
	note = "[Accessed on 2013-06-04]",
	journal = {Journal of Biomechanical Engineering},
	author = {Hansen, Ulrich and Zioupos, Peter and Simpson, Rebecca and Currey, John D. and Hynd, David},
	year = {2008},
	pages = {011011},
},

@article{helgason_mathematical_2008,
	title = {Mathematical relationships between bone density and mechanical properties: A literature review},
	volume = {23},
	issn = {0268-0033},
	shorttitle = {Mathematical relationships between bone density and mechanical properties},
	url = {http://www.sciencedirect.com/science/article/B6T59-4PVY2YM-1/2/e4abdc04bc4af35816ee129cc8d224fe},
	doi = {10.1016/j.clinbiomech.2007.08.024},
	number = {2},
	note = "[Accessed on 2010-12-08]",
	journal = {Clinical Biomechanics},
	author = {Helgason, Benedikt and Perilli, Egon and Schileo, Enrico and Taddei, Fulvia and Brynj{\'o}lfsson, Sigur[eth]ur and Viceconti, Marco},
	month = feb,
	year = {2008},
	pages = {135--146},
},

@article{kanis_fraxtm_2008,
	title = {{FRAX(TM)} and the assessment of fracture probability in men and women from the {UK}},
	volume = {19},
	issn = {0937-{941X}},
	url = {http://www.ncbi.nlm.nih.gov/pmc/articles/PMC2267485/},
	doi = {10.1007/s00198-007-0543-5},
	number = {4},
	note = "[Accessed on 2013-11-05]",
	journal = {Osteoporosis International},
	author = {Kanis, J. A. and Johnell, O. and Oden, A. and Johansson, H. and {McCloskey}, E.},
	month = apr,
	year = {2008},
	pages = {385--397},
},

@article{keaveny_femoral_2008,
	title = {Femoral Bone Strength and Its Relation to Cortical and Trabecular Changes After Treatment With {PTH}, Alendronate, and Their Combination as Assessed by Finite Element Analysis of Quantitative {CT} Scans},
	volume = {23},
	issn = {0884-0431, 0884-0431},
	url = {http://doi.wiley.com/10.1359/jbmr.080805},
	doi = {10.1359/jbmr.080805},
	number = {12},
	note = "[Accessed on 2012-05-15]",
	journal = {Journal of Bone and Mineral Research},
	author = {Keaveny, Tony M and Hoffmann, Paul F and Singh, Mandeep and Palermo, Lisa and Bilezikian, John P and Greenspan, Susan L and Black, Dennis M},
	month = dec,
	year = {2008},
	pages = {1974--1982},
},

@article{laing_force_2008,
	title = {The Force Attenuation Provided by Hip Protectors Depends on Impact Velocity, Pelvic Size, and Soft Tissue Stiffness},
	volume = {130},
	url = {http://link.aip.org/link/?JBY/130/061005/1},
	doi = {10.1115/1.2979867},
	number = {6},
	note = "[Accessed on 2011-02-03]",
	journal = {Journal of Biomechanical Engineering},
	author = {Laing, Andrew C. and Robinovitch, Stephen N.},
	month = dec,
	year = {2008},
	pages = {061005--9},
},

@article{majumder_effects_2008,
	title = {Effects of trochanteric soft tissue thickness and hip impact velocity on hip fracture in sideways fall through {3D} finite element simulations},
	volume = {41},
	issn = {0021-9290},
	url = {http://www.ncbi.nlm.nih.gov/pubmed/18718597},
	doi = {10.1016/j.jbiomech.2008.07.001},
	number = {13},
	note = "[Accessed on 2010-11-01]",
	journal = {Journal of Biomechanics},
	author = {Majumder, Santanu and Roychowdhury, Amit and Pal, Subrata},
	month = sep,
	year = {2008},
	pages = {2834--2842},
},

@article{manske_cortical_2008,
	title = {Cortical and trabecular bone in the femoral neck both contribute to proximal femur failure load prediction},
	volume = {20},
	issn = {0937-{941X}},
	url = {http://www.springerlink.com/content/7k63844871667185/},
	doi = {10.1007/s00198-008-0675-2},
	number = {3},
	note = "[Accessed on 2011-09-01]",
	journal = {Osteoporosis International},
	author = {Manske, S. L. and Liu-Ambrose, T. and Cooper, D. M. L. and Kontulainen, S. and Guy, P. and Forster, B. B. and {McKay}, H. A.},
	month = jul,
	year = {2008},
	pages = {445--453},
},

@article{moayyeri_association_2008,
	title = {The Association Between Physical Activity and Osteoporotic Fractures: A Review of the Evidence and Implications for Future Research},
	volume = {18},
	issn = {1047-2797},
	shorttitle = {The Association Between Physical Activity and Osteoporotic Fractures},
	url = {http://www.sciencedirect.com/science/article/pii/S104727970800166X},
	doi = {16/j.annepidem.2008.08.007},
	number = {11},
	note = "[Accessed on 2011-09-01]",
	journal = {Annals of Epidemiology},
	author = {Moayyeri, Alireza},
	month = nov,
	year = {2008},
	pages = {827--835},
},

@article{pan_study_2008,
	title = {Study on subset size selection in digital image correlation for speckle patterns},
	volume = {16},
	doi = {10.1364/OE.16.007037},
	number = {10},
	note = "[Accessed on 2013-06-07]",
	journal = {Optics Express},
	author = {Pan, Bing and Xie, Huimin and Wang, Zhaoyang and Qian, Kemao and Wang, Zhiyong},
	month = may,
	year = {2008},
	pages = {7037--7048},
},

@article{parker_association_2008,
	title = {The Association of Hip Circumference With Incident Hip Fracture in a Cohort of Postmenopausal Women: The {I}owa Women's Health Study},
	volume = {18},
	issn = {1047-2797},
	shorttitle = {The Association of Hip Circumference With Incident Hip Fracture in a Cohort of Postmenopausal Women},
	url = {http://www.sciencedirect.com/science/article/pii/S1047279708001646},
	doi = {10.1016/j.annepidem.2008.07.007},
	number = {11},
	note = "[Accessed on 2013-02-18]",
	journal = {Annals of Epidemiology},
	author = {Parker, Emily D. and Pereira, Mark A. and Virnig, Beth and Folsom, Aaron R.},
	month = nov,
	year = {2008},
	pages = {836--841},
},

@misc{patrick_siemer_human_2008,
	title = {Human Hip Bone Texture},
	copyright = {Creative Commons 2.0},
	url = {http://commons.wikimedia.org/wiki/File:Human_hip_bone_texture.jpg},
	author = {{Patrick Siemer}},
	month = may,
	year = {2008},
	note = "[Accessed on 2014-01-11]",
},

@article{pulkkinen_experimental_2008,
	title = {Experimental hip fracture load can be predicted from plain radiography by combined analysis of trabecular bone structure and bone geometry},
	volume = {19},
	issn = {0937-{941X}},
	url = {http://www.ncbi.nlm.nih.gov/pubmed/17891327},
	doi = {10.1007/s00198-007-0479-9},
	number = {4},
	note = "[Accessed on 2011-09-02]",
	journal = {Osteoporosis International},
	author = {Pulkkinen, P and J{\"a}ms{\"a}, T and Lochm{\"u}ller, E-M and Kuhn, V and Nieminen, M T and Eckstein, F},
	month = apr,
	year = {2008},
	pages = {547--558},
},

@article{roux_three-dimensional_2008,
	title = {Three-dimensional image correlation from X-ray computed tomography of solid foam},
	volume = {39},
	issn = {1359-{835X}},
	url = {http://www.sciencedirect.com/science/article/B6TWN-4R8NBHH-1/2/c2ba098fc26341f1552198691b9a422f},
	doi = {10.1016/j.compositesa.2007.11.011},
	number = {8},
	note = "[Accessed on 2011-01-25]",
	journal = {Composites Part A: Applied Science and Manufacturing},
	author = {Roux, St{\'e}phane and Hild, Fran{\c c}ois and Viot, Philippe and Bernard, Dominique},
	month = aug,
	year = {2008},
	pages = {1253--1265},
},

@article{shi_effects_2008,
	title = {Effects of Loading Orientation on the Morphology of the Predicted Yielded Regions in Trabecular Bone},
	volume = {37},
	issn = {0090-6964},
	url = {http://www.springerlink.com/content/4g282326urn16235/},
	doi = {10.1007/s10439-008-9619-4},
	number = {2},
	note = "[Accessed on 2011-04-07]",
	journal = {Annals of Biomedical Engineering},
	author = {Shi, Xiutao and Wang, Xiang and Niebur, Glen L.},
	month = dec,
	year = {2008},
	pages = {354--362},
},

@article{verhulp_load_2008,
	title = {Load distribution in the healthy and osteoporotic human proximal femur during a fall to the side},
	volume = {42},
	issn = {8756-3282},
	url = {http://www.sciencedirect.com/science/article/B6T4Y-4PKPGX2-3/2/716ca39b04011153b93d8a4d1e1fb238},
	doi = {10.1016/j.bone.2007.08.039},
	number = {1},
	note = "[Accessed on 2010-11-08]",
	journal = {Bone},
	author = {Verhulp, E. and van Rietbergen, B. and Huiskes, R.},
	month = jan,
	year = {2008},
	pages = {30--35},
},

@article{verhulp_micro-finite_2008,
	title = {Micro-finite element simulation of trabecular-bone post-yield behaviour {\textendash} effects of material model, element size and type},
	volume = {11},
	issn = {1025-5842},
	url = {http://www.informaworld.com/10.1080/10255840701848756},
	doi = {10.1080/10255840701848756},
	number = {4},
	note = "[Accessed on 2010-11-08]",
	journal = {Computer Methods in Biomechanics and Biomedical Engineering},
	author = {Verhulp, E. and Van Rietbergen, B. and M{\"u}ller, R. and Huiskes, R.},
	year = {2008},
	pages = {389},
},

@article{zioupos_microcracking_2008,
	title = {Microcracking damage and the fracture process in relation to strain rate in human cortical bone tensile failure},
	volume = {41},
	issn = {0021-9290},
	url = {http://www.sciencedirect.com/science/article/pii/S0021929008003977},
	doi = {10.1016/j.jbiomech.2008.07.025},
	number = {14},
	note = "[Accessed on 2011-09-23]",
	journal = {Journal of Biomechanics},
	author = {Zioupos, Peter and Hansen, Ulrich and Currey, John D.},
	month = oct,
	year = {2008},
	pages = {2932--2939},
},

@article{abrahamsen_excess_2009,
	title = {Excess mortality following hip fracture: a systematic epidemiological review},
	volume = {20},
	issn = {1433-2965},
	shorttitle = {Excess mortality following hip fracture},
	url = {http://www.ncbi.nlm.nih.gov/pubmed/19421703},
	doi = {10.1007/s00198-009-0920-3},
	number = {10},
	note = "[Accessed on 2010-12-14]",
	journal = {Osteoporosis International},
	author = {Abrahamsen, B and van Staa, T and Ariely, R and Olson, M and Cooper, C},
	month = oct,
	year = {2009},
	pages = {1633--1650},
},

@article{benoit_3d_2009,
	title = {{3D} analysis from micro-{MRI} during in situ compression on cancellous bone},
	volume = {42},
	issn = {00219290},
	doi = {10.1016/j.jbiomech.2009.06.034},
	number = {14},
	note = "[Accessed on 2010-11-03]",
	journal = {Journal of Biomechanics},
	author = {Benoit, Aur{\'e}lie and Gu{\'e}rard, Sandra and Gillet, Brigitte and Guillot, Genevi{\`e}ve and Hild, Fran{\c c}ois and Mitton, David and P{\'e}ri{\'e}, Jean-No{\"e}l and Roux, St{\'e}phane},
	month = oct,
	year = {2009},
	pages = {2381--2386},
},

@article{bryan_use_2009,
	title = {Use of a statistical model of the whole femur in a large scale, multi-model study of femoral neck fracture risk},
	volume = {42},
	issn = {0021-9290},
	url = {http://www.sciencedirect.com/science/article/pii/S0021929009003170},
	doi = {10.1016/j.jbiomech.2009.05.038},
	number = {13},
	note = "[Accessed on 2013-08-08]",
	journal = {Journal of Biomechanics},
	author = {Bryan, Rebecca and Nair, Prasanth B. and Taylor, Mark},
	month = sep,
	year = {2009},
	pages = {2171--2176},
},

@techreport{butler_treatment_2009,
	address = {Rockville ({MD)}},
	title = {Treatment of Common Hip Fractures},
	url = {http://www.ncbi.nlm.nih.gov/books/NBK32591/},
	number = {09-E013},
	note = "[Accessed on 2013-03-19]",
	institution = {Agency for Healthcare Research and Quality ({US)}},
	author = {Butler, Mary and Forte, Mary and Kane, Robert L and Joglekar, Siddharth and Duval, Susan J and Swiontkowski, Marc and Wilt, Timothy},
	month = aug,
	year = {2009},
},

@article{cauley_risk_2009,
	title = {Risk factors for severity and type of the hip fracture},
	volume = {24},
	issn = {1523-4681},
	url = {http://www.ncbi.nlm.nih.gov/pubmed/19113930},
	doi = {10.1359/jbmr.081246},
	number = {5},
	note = "[Accessed on 2011-09-01]",
	journal = {Journal of Bone and Mineral Research},
	author = {Cauley, Jane A and Lui, Li-Yung and Genant, Harry K and Salamone, Loran and Browner, Warren and Fink, Howard A and Cohen, Peter and Hillier, Teresa and Bauer, Doug C and Cummings, Steven R},
	month = may,
	year = {2009},
	pages = {943--955},
},

@article{dalzell_bone_2009,
	title = {Bone micro-architecture and determinants of strength in the radius and tibia: age-related changes in a population-based study of normal adults measured with high-resolution {pQCT}},
	volume = {20},
	issn = {0937-{941X}},
	shorttitle = {Bone micro-architecture and determinants of strength in the radius and tibia},
	url = {http://www.springerlink.com/content/pr303u467kw19671/},
	doi = {10.1007/s00198-008-0833-6},
	number = {10},
	note = "[Accessed on 2011-09-01]",
	journal = {Osteoporosis International},
	author = {Dalzell, N. and Kaptoge, S. and Morris, N. and Berthier, A. and Koller, B. and Braak, L. and Rietbergen, B. and Reeve, J.},
	month = jan,
	year = {2009},
	pages = {1683--1694},
},

@article{de_bakker_during_2009,
	title = {During sideways falls proximal femur fractures initiate in the superolateral cortex: evidence from high-speed video of simulated fractures},
	volume = {42},
	issn = {1873-2380},
	shorttitle = {During sideways falls proximal femur fractures initiate in the superolateral cortex},
	url = {http://www.ncbi.nlm.nih.gov/pubmed/19524929},
	doi = {10.1016/j.jbiomech.2009.05.001},
	number = {12},
	note = "[Accessed on 2010-10-25]",
	journal = {Journal of Biomechanics},
	author = {de Bakker, Peter M and Manske, Sarah L and Ebacher, Vincent and Oxland, Thomas R and Cripton, Peter A and Guy, Pierre},
	month = aug,
	year = {2009},
	pages = {1917--1925},
},

@article{dorr_comparison_2009,
	title = {A Comparison of Surgeon Estimation and Computed Tomographic Measurement of Femoral Component Anteversion in Cementless Total Hip Arthroplasty},
	volume = {91},
	issn = {0021-9355},
	url = {http://dx.doi.org/10.2106/JBJS.H.01225},
	doi = {10.2106/JBJS.H.01225},
	number = {11},
	note = "[Accessed on 2013-03-08]",
	journal = {The Journal of Bone and Joint Surgery},
	author = {Dorr, Lawrence D. and Wan, Zhinian and Malik, Aamer and Zhu, Jinjun and Dastane, Manish and Deshmane, Prashant},
	month = nov,
	year = {2009},
	pages = {2598--2604},
},

@book{drake_grays_2009,
	edition = {2},
	title = {Gray's Anatomy for Students},
	isbn = {0443069522},
	shorttitle = {Gray's Anatomy for Students},
	publisher = {Churchill Livingstone},
	author = {Drake, Richard L. and Vogl, A. Wayne and Mitchell, Adam W. M.},
	month = feb,
	year = {2009},
},

@article{ekstrom_quality_2009,
	title = {Quality of Life After a Stable Trochanteric Fracture-A Prospective Cohort Study on 148 Patients},
	volume = {23},
	issn = {0890-5339},
	url = {http://content.wkhealth.com/linkback/openurl?sid=WKPTLP:landingpage&an=00005131-200901000-00006},
	doi = {10.1097/BOT.0b013e318191f5e4},
	number = {1},
	note = "[Accessed on 2011-09-01]",
	journal = {Journal of Orthopaedic Trauma},
	author = {Ekstr{\"o}m, Wilhelmina and Miedel, Ricard and Ponzer, Sari and Hedstr{\"o}m, Margareta and Samneg{\r a}rd, Eva and Tidermark, Jan},
	month = jan,
	year = {2009},
	pages = {39--44},
},

@article{hardisty_whole_2009,
	title = {Whole Bone Strain Quantification by Image Registration: A Validation Study},
	volume = {131},
	shorttitle = {Whole Bone Strain Quantification by Image Registration},
	url = {http://link.aip.org/link/?JBY/131/064502/1},
	doi = {10.1115/1.3127249},
	number = {6},
	note = "[Accessed on 2010-12-08]",
	journal = {Journal of Biomechanical Engineering},
	author = {Hardisty, Michael R. and Whyne, Cari M.},
	month = jun,
	year = {2009},
	pages = {064502--6},
},

@article{holzer_hip_2009,
	title = {Hip Fractures and the Contribution of Cortical Versus Trabecular Bone to Femoral Neck Strength},
	volume = {24},
	issn = {0884-0431},
	url = {http://doi.wiley.com/10.1359/jbmr.081108},
	doi = {10.1359/jbmr.081108},
	number = {3},
	note = "[Accessed on 2011-07-05]",
	journal = {Journal of Bone and Mineral Research},
	author = {Holzer, Gerold and von Skrbensky, Gobert and Holzer, Lukas A and Pichl, Wolfgang},
	month = mar,
	year = {2009},
	pages = {468--474},
},

@article{kanis_frax_2009,
	title = {{FRAX{\textregistered}} and its applications to clinical practice},
	volume = {44},
	issn = {8756-3282},
	url = {http://www.sciencedirect.com/science/article/pii/S8756328209004049},
	doi = {16/j.bone.2009.01.373},
	number = {5},
	note = "[Accessed on 2011-09-01]",
	journal = {Bone},
	author = {Kanis, John A. and Oden, Anders and Johansson, Helena and Borgstr{\"o}m, Fredrik and Str{\"o}m, Oskar and {McCloskey}, Eugene},
	month = may,
	year = {2009},
	pages = {734--743},
},

@article{lee_assessing_2009,
	title = {Assessing the Susceptibility to Local Buckling at the Femoral Neck Cortex to Age-Related Bone Loss},
	volume = {37},
	issn = {0090-6964, 1573-9686},
	url = {http://www.springerlink.com/content/6r937362k2820623/},
	doi = {10.1007/s10439-009-9751-9},
	number = {9},
	note = "[Accessed on 2012-02-17]",
	journal = {Annals of Biomedical Engineering},
	author = {Lee, Taeyong and Choi, Jae Bong and Schafer, Benjamin W. and Segars, W. Paul and Eckstein, Felix and Kuhn, Volker and Beck, Thomas J.},
	month = jul,
	year = {2009},
	pages = {1910--1920},
},

@article{lee_assessing_2009-1,
	title = {Assessing the Susceptibility to Local Buckling at the Femoral Neck Cortex to Age-Related Bone Loss},
	volume = {37},
	issn = {0090-6964, 1573-9686},
	url = {http://link.springer.com/10.1007/s10439-009-9751-9},
	doi = {10.1007/s10439-009-9751-9},
	number = {9},
	note = "[Accessed on 2013-06-04]",
	journal = {Annals of Biomedical Engineering},
	author = {Lee, Taeyong and Choi, Jae Bong and Schafer, Benjamin W. and Segars, W. Paul and Eckstein, Felix and Kuhn, Volker and Beck, Thomas J.},
	month = jul,
	year = {2009},
	pages = {1910--1920},
},

@article{leslie_trends_2009,
	title = {Trends in Hip Fracture Rates in Canada},
	volume = {302},
	doi = {10.1001/jama.2009.1231},
	number = {8},
	note = "[Accessed on 2011-09-01]",
	journal = {{JAMA:} The Journal of the American Medical Association},
	author = {Leslie, William D. and {O{\textquoteright}Donnell}, Siobhan and Jean, Sonia and Lagac{\'e}, Claudia and Walsh, Peter and Bancej, Christina and Morin, Suzanne and Hanley, David A. and Papaioannou, Alexandra},
	year = {2009},
	pages = {883 --889},
},

@article{nielson_trochanteric_2009,
	title = {Trochanteric Soft Tissue Thickness and Hip Fracture in Older Men},
	volume = {94},
	doi = {10.1210/jc.2008-1640},
	number = {2},
	note = "[Accessed on 2010-11-25]",
	journal = {Journal of Clinical Endocrinology and Metabolism},
	author = {Nielson, Carrie M. and Bouxsein, Mary L. and Freitas, Sinara S. and Ensrud, Kristine E. and Orwoll, Eric S.},
	month = feb,
	year = {2009},
	pages = {491--496},
},

@article{orwoll_finite_2009,
	title = {Finite Element Analysis of the Proximal Femur and Hip Fracture Risk in Older Men},
	volume = {24},
	copyright = {Copyright {\textcopyright} 2009 {ASBMR}},
	issn = {1523-4681},
	doi = {10.1359/jbmr.081201},
	number = {3},
	note = "[Accessed on 2013-02-18]",
	journal = {Journal of Bone and Mineral Research},
	author = {Orwoll, Eric S and Marshall, Lynn M and Nielson, Carrie M and Cummings, Steven R and Lapidus, Jodi and Cauley, Jane A and Ensrud, Kristine and Lane, Nancy and Hoffmann, Paul R and Kopperdahl, David L and Keaveny, Tony M},
	year = {2009},
	pages = {475--483},
},

@article{pan_two-dimensional_2009,
	title = {Two-dimensional digital image correlation for in-plane displacement and strain measurement: a review},
	volume = {20},
	issn = {0957-0233},
	shorttitle = {Two-dimensional digital image correlation for in-plane displacement and strain measurement},
	url = {http://iopscience.iop.org/0957-0233/20/6/062001},
	doi = {10.1088/0957-0233/20/6/062001},
	number = {6},
	note = "[Accessed on 2010-11-09]",
	journal = {Measurement Science and Technology},
	author = {Pan, Bing and Qian, Kemao and Xie, Huimin and Asundi, Anand},
	month = jun,
	year = {2009},
	pages = {062001},
},

@article{rincon-kohli_multi-axial_2009,
	title = {Multi-axial mechanical properties of human trabecular bone},
	volume = {8},
	issn = {1617-7959, 1617-7940},
	url = {http://link.springer.com/article/10.1007/s10237-008-0128-z},
	doi = {10.1007/s10237-008-0128-z},
	number = {3},
	note = "[Accessed on 2013-07-22]",
	journal = {Biomechanics and Modeling in Mechanobiology},
	author = {Rinc{\'o}n-Kohli, Liliana and Zysset, Philippe K.},
	month = jun,
	year = {2009},
	pages = {195--208},
},

@article{robinovitch_hip_2009,
	title = {Hip protectors: recommendations for biomechanical testing{\textemdash}an international consensus statement (part {I})},
	volume = {20},
	issn = {0937-{941X}},
	shorttitle = {Hip protectors},
	url = {http://www.springerlink.com/index/10.1007/s00198-009-1045-4},
	doi = {10.1007/s00198-009-1045-4},
	number = {12},
	note = "[Accessed on 2011-05-15]",
	journal = {Osteoporosis International},
	author = {Robinovitch, S. N. and Evans, S. L. and Minns, J. and Laing, A. C. and Kannus, P. and Cripton, P. A. and Derler, S. and Birge, S. J. and Plant, D. and Cameron, I. D. and Kiel, D. P. and Howland, J. and Khan, K. and Lauritzen, J. B.},
	month = oct,
	year = {2009},
	pages = {1977--1988},
},

@article{salzar_load_2009,
	title = {Load path distribution within the pelvic structure under lateral loading},
	volume = {14},
	issn = {1358-8265},
	url = {http://www.tandfonline.com/doi/abs/10.1080/13588260802517378},
	doi = {10.1080/13588260802517378},
	number = {1},
	note = "[Accessed on 2014-01-11]",
	journal = {International Journal of Crashworthiness},
	author = {Salzar, R. S. and Genovese, D. and Bass, C. R. and Bolton, J. R. and Guillemot, H. and Damon, A. M. and Crandall, J. R.},
	year = {2009},
	pages = {99--110},
},

@article{sirois_burden_2009,
	title = {The Burden of Hospitalized Hip Fractures: Patterns of Admissions in a Level I Trauma Center Over 20 Years},
	volume = {66},
	issn = {0022-5282},
	shorttitle = {The Burden of Hospitalized Hip Fractures},
	doi = {10.1097/TA.0b013e31818cc1cc},
	number = {5},
	note = "[Accessed on 2011-02-02]",
	journal = {The Journal of Trauma: Injury, Infection, and Critical Care},
	author = {Sirois, Marie-Jos{\'e}e and C{\^o}t{\'e}, Maxime and Pelet, St{\'e}phane},
	month = may,
	year = {2009},
	pages = {1402--1410},
},

@article{tanck_predictive_2009,
	title = {Predictive value of femoral head heterogeneity for fracture risk},
	volume = {44},
	issn = {87563282},
	url = {http://linkinghub.elsevier.com/retrieve/pii/S8756328208009848},
	doi = {10.1016/j.bone.2008.12.022},
	number = {4},
	note = "[Accessed on 2013-08-07]",
	journal = {Bone},
	author = {Tanck, E. and Bakker, {A.D.} and Kregting, S. and Cornelissen, B. and Klein-Nulend, J. and Van Rietbergen, B.},
	month = apr,
	year = {2009},
	pages = {590--595},
},

@article{toogood_proximal_2009,
	title = {Proximal femoral anatomy in the normal human population},
	volume = {467},
	issn = {1528-1132},
	url = {http://www.ncbi.nlm.nih.gov/pubmed/18758876},
	doi = {10.1007/s11999-008-0473-3},
	number = {4},
	note = "[Accessed on 2010-10-24]",
	journal = {Clinical Orthopaedics and Related Research},
	author = {Toogood, Paul A and Skalak, Anthony and Cooperman, Daniel R},
	month = apr,
	year = {2009},
	pages = {876--885},
},

@article{wang_women_2009,
	title = {Women and men with hip fractures have a longer femoral neck moment arm and greater impact load in a sideways fall},
	volume = {20},
	issn = {0937-{941X}, 1433-2965},
	url = {http://link.springer.com/10.1007/s00198-008-0768-y},
	doi = {10.1007/s00198-008-0768-y},
	number = {7},
	note = "[Accessed on 2013-08-07]",
	journal = {Osteoporosis International},
	author = {Wang, Q. and Teo, J. W. and Ghasem-Zadeh, A. and Seeman, E.},
	year = {2009},
	pages = {1151--1156},
},

@article{yasuyuki_relationship_2009,
	title = {Relationship between the Load-Displacement Curve and Deformation Distribution in Porcine Mandibular Periodontium},
	volume = {4},
	url = {http://dx.doi.org/10.1299/jbse.4.336},
	doi = {10.1299/jbse.4.336},
	number = {3},
	note = "[Accessed on 2014-01-11]",
	journal = {Journal of Biomechanical Science and Engineering},
	author = {Yasuyuki, M. and Masakazu, U. and Mitsugu, T. and Yasuyuki, M. and Kazuo, A. and Kiyoshi, K.},
	year = {2009},
	pages = {336--344},
},

@article{barnes_publish_2010,
	title = {Publish your computer code: it is good enough},
	volume = {467},
	issn = {0028-0836},
	shorttitle = {Publish your computer code},
	url = {http://www.nature.com/doifinder/10.1038/467753a},
	doi = {10.1038/467753a},
	number = {7317},
	note = "[Accessed on 2011-05-03]",
	journal = {Nature},
	author = {Barnes, Nick},
	month = oct,
	year = {2010},
	pages = {753--753},
},

@article{bornert_discrete_2010,
	title = {Discrete and continuum analysis of localised deformation in sand using X-ray {$\mu$CT} and volumetric digital image correlation},
	volume = {60},
	issn = {0016-8505, 1751-7656},
	url = {http://www.icevirtuallibrary.com/content/article/10.1680/geot.2010.60.5.315},
	doi = {10.1680/geot.2010.60.5.315},
	number = {5},
	note = "[Accessed on 2013-08-22]",
	journal = {G{\'e}otechnique},
	author = {Bornert, M. and Lenoir, N. and B{\'e}suelle, P. and Pannier, Y. and Hall, {S.A.} and Viggiani, G. and Desrues, J.},
	month = jan,
	year = {2010},
	pages = {315--322},
},

@article{choi_effect_2010,
	title = {Effect of hip protectors, falling angle and body mass index on pressure distribution over the hip during simulated falls},
	volume = {25},
	issn = {1879-1271},
	url = {http://www.ncbi.nlm.nih.gov/pubmed/19766363},
	doi = {10.1016/j.clinbiomech.2009.08.009},
	number = {1},
	note = "[Accessed on 2010-10-27]",
	journal = {Clinical Biomechanics},
	author = {Choi, W J and Hoffer, J A and Robinovitch, S N},
	month = jan,
	year = {2010},
	pages = {63--69},
},

@article{gates_towards_2010,
	title = {Towards High Performance Digital Volume Correlation},
	volume = {51},
	issn = {0014-4851, 1741-2765},
	url = {http://link.springer.com/10.1007/s11340-010-9445-0},
	doi = {10.1007/s11340-010-9445-0},
	number = {4},
	note = "[Accessed on 2013-08-22]",
	journal = {Experimental Mechanics},
	author = {Gates, M. and Lambros, J. and Heath, M. T.},
	month = dec,
	year = {2010},
	pages = {491--507},
},

@article{hardisty_image_2010,
	title = {Image Registration Demonstrates the Growth Plate has a Variable Affect on Vertebral Strain},
	volume = {38},
	issn = {0090-6964},
	url = {http://www.springerlink.com/content/640185lm83451h83/},
	doi = {10.1007/s10439-010-0052-0},
	number = {9},
	note = "[Accessed on 2011-01-13]",
	journal = {Annals of Biomedical Engineering},
	author = {Hardisty, M. R. and Akens, M. and Yee, A. J. and Whyne, C. M.},
	month = may,
	year = {2010},
	pages = {2948--2955},
},

@article{laing_characterizing_2010,
	title = {Characterizing the effective stiffness of the pelvis during sideways falls on the hip},
	volume = {43},
	issn = {1873-2380},
	url = {http://www.ncbi.nlm.nih.gov/pubmed/20398905},
	doi = {10.1016/j.jbiomech.2010.03.025},
	number = {10},
	note = "[Accessed on 2010-10-27]",
	journal = {Journal of Biomechanics},
	author = {Laing, Andrew C and Robinovitch, Stephen N},
	month = jul,
	year = {2010},
	pages = {1898--1904},
},

@article{meza_steepest_2010,
	title = {Steepest descent},
	volume = {2},
	copyright = {{\textcopyright} 2010 John Wiley \& Sons, Inc.},
	issn = {1939-0068},
	doi = {10.1002/wics.117},
	number = {6},
	note = "[Accessed on 2013-09-03]",
	journal = {Wiley Interdisciplinary Reviews: Computational Statistics},
	author = {Meza, Juan C.},
	year = {2010},
	pages = {719{\textendash}722},
},

@article{roberts_comparison_2010,
	title = {Comparison of hip fracture risk prediction by femoral {aBMD} to experimentally measured factor of risk},
	volume = {46},
	issn = {8756-3282},
	url = {http://www.sciencedirect.com/science/article/pii/S8756328209019887},
	doi = {10.1016/j.bone.2009.10.020},
	number = {3},
	note = "[Accessed on 2013-02-18]",
	journal = {Bone},
	author = {Roberts, Benjamin J. and Thrall, Erica and Muller, John A. and Bouxsein, Mary L.},
	month = mar,
	year = {2010},
	pages = {742--746},
},

@article{shi_effects_2010,
	title = {Effects of trabecular type and orientation on microdamage susceptibility in trabecular bone},
	volume = {46},
	issn = {8756-3282},
	url = {http://www.sciencedirect.com/science/article/B6T4Y-4YC1K68-6/2/f0c0f27069265b40b270bf43e87d5143},
	doi = {10.1016/j.bone.2010.02.005},
	number = {5},
	note = "[Accessed on 2011-05-09]",
	journal = {Bone},
	author = {Shi, Xiutao and Liu, X. Sherry and Wang, Xiang and Guo, X. Edward and Niebur, Glen L.},
	month = may,
	year = {2010},
	pages = {1260--1266},
},

@article{sutter_biomechanical_2010,
	title = {A biomechanical evaluation of femoroplasty under simulated fall conditions},
	volume = {24},
	issn = {1531-2291},
	url = {http://www.ncbi.nlm.nih.gov/pubmed/20101133},
	doi = {10.1097/BOT.0b013e3181b5c0c6},
	number = {2},
	note = "[Accessed on 2011-12-02]",
	journal = {Journal of Orthopaedic Trauma},
	author = {Sutter, Edward G and Mears, Simon C and Belkoff, Stephen M},
	month = feb,
	year = {2010},
	pages = {95--99},
},

@article{sztefek_using_2010,
	title = {Using digital image correlation to determine bone surface strains during loading and after adaptation of the mouse tibia},
	volume = {43},
	issn = {1873-2380},
	url = {http://www.ncbi.nlm.nih.gov/pubmed/20005517},
	doi = {10.1016/j.jbiomech.2009.10.042},
	number = {4},
	note = "[Accessed on 2010-10-27]",
	journal = {Journal of Biomechanics},
	author = {Sztefek, Pavel and Vanleene, Maximilien and Olsson, Robin and Collinson, Rebecca and Pitsillides, Andrew A and Shefelbine, Sandra},
	month = mar,
	year = {2010},
	pages = {599--605},
},

@article{van_den_bergh_assessment_2010,
	title = {Assessment of individual fracture risk: {FRAX} and beyond},
	volume = {8},
	issn = {1544-2241},
	shorttitle = {Assessment of individual fracture risk},
	url = {http://www.ncbi.nlm.nih.gov/pubmed/20563901},
	doi = {10.1007/s11914-010-0022-3},
	number = {3},
	note = "[Accessed on 2011-09-02]",
	journal = {Current Osteoporosis Reports},
	author = {van den Bergh, Joop P W and van Geel, Tineke A C M and Lems, Willem F and Geusens, Piet P},
	month = sep,
	year = {2010},
	pages = {131--137},
},

@article{armstrong_body_2011,
	title = {Body mass index and physical activity in relation to the incidence of hip fracture in postmenopausal women},
	volume = {26},
	copyright = {Copyright {\textcopyright} 2011 American Society for Bone and Mineral Research},
	issn = {1523-4681},
	doi = {10.1002/jbmr.315},
	number = {6},
	note = "[Accessed on 2013-02-18]",
	journal = {Journal of Bone and Mineral Research},
	author = {Armstrong, Miranda {EG} and Spencer, Elizabeth A and Cairns, Benjamin J and Banks, Emily and Pirie, Kirstin and Green, Jane and Wright, F Lucy and Reeves, Gillian K and Beral, Valerie and Collaborators, for the Million Women Study},
	year = {2011},
	pages = {1330--1338},
},

@article{ascenzi_variation_2011,
	title = {Variation of trabecular architecture in proximal femur of postmenopausal women},
	volume = {44},
	issn = {0021-9290},
	url = {http://www.sciencedirect.com/science/article/B6T82-51D26DP-4/2/1524104cf0f9646b51a822c15c95b296},
	doi = {10.1016/j.jbiomech.2010.10.017},
	number = {2},
	note = "[Accessed on 2011-02-04]",
	journal = {Journal of Biomechanics},
	author = {Ascenzi, Maria-Grazia and Hetzer, Nicole and Lomovtsev, Alexandre and Rude, Robert and Nattiv, Aurelia and Favia, Angela},
	month = jan,
	year = {2011},
	pages = {248--256},
},

@article{borissova_femoral_2011,
	title = {Femoral neck bone mineral density and 10-year absolute fracture risk in a national representative sample of Bulgarian women aged 50 years and older},
	volume = {6},
	issn = {1862-3522, 1862-3514},
	url = {http://link.springer.com/article/10.1007/s11657-011-0064-x},
	doi = {10.1007/s11657-011-0064-x},
	number = {1-2},
	note = "[Accessed on 2013-01-30]",
	journal = {Archives of Osteoporosis},
	author = {Borissova, Anna-Maria and Rashkov, Rasho and Boyanov, Mihail and Shinkov, Alexander and Popivanov, Plamen and Temelkova, Natalya and Vlahov, Jordan and Gavrailova, Masha},
	month = dec,
	year = {2011},
	pages = {189--195},
},

@article{derikx_implementation_2011,
	title = {Implementation of asymmetric yielding in case-specific finite element models improves the prediction of femoral fractures},
	volume = {14},
	issn = {1025-5842, 1476-8259},
	url = {http://www.tandfonline.com/doi/abs/10.1080/10255842.2010.542463},
	doi = {10.1080/10255842.2010.542463},
	note = "[Accessed on 2011-10-24]",
	journal = {Computer Methods in Biomechanics and Biomedical Engineering},
	author = {Derikx, Loes C. and Vis, Roeland and Meinders, Timo and Verdonschot, Nico and Tanck, Esther},
	month = feb,
	year = {2011},
	pages = {183--193},
},

@article{dickinson_experimental_2011,
	title = {Experimental Validation of a Finite Element Model of the Proximal Femur Using Digital Image Correlation and a Composite Bone Model},
	volume = {133},
	url = {http://link.aip.org/link/?JBY/133/014504/1},
	doi = {10.1115/1.4003129},
	number = {1},
	note = "[Accessed on 2011-03-15]",
	journal = {Journal of Biomechanical Engineering},
	author = {Dickinson, A. S. and Taylor, A. C. and Ozturk, H. and Browne, M.},
	month = jan,
	year = {2011},
	pages = {014504},
},

@article{dudli_prior_2011,
	title = {Prior storage conditions and loading rate affect the in vitro fracture response of spinal segments under impact loading},
	volume = {44},
	number = {13},
	journal = {Journal of biomechanics},
	author = {Dudli, S. and Haschtmann, D. and Ferguson, {SJ}},
	month = sep,
	year = {2011},
	pages = {2351--5},
},

@misc{edoarado_anatomical_2011,
	title = {Anatomical Planes and Directions},
	copyright = {Free to use - {CC-BY-SA-3.0} (http://creativecommons.org/licenses/by-sa/3.0)},
	url = {http://commons.wikimedia.org/wiki/File:Anatomical_Planes-en.svg},
	author = {{Edoarado}},
	month = nov,
	year = {2011},
	note = "[Accessed on 2014-01-11]",
},

@inproceedings{helgason_comparison_2011,
	address = {Long Beach, California},
	title = {Comparison of full field surface strain between {FEM} and {DIC} during impact loading of the proximal femur},
	url = {www.pre-ors.org},
	author = {Helgason, Benedikt and Gilchrist, Seth},
	collaborator = {{Jason Chak} and Ferguson, S. J. and Guy, Pierre and Cripton, Peter A},
	month = jan,
	year = {2011},
	note = "[Accessed on 2014-01-11]",
},

@article{kulin_effects_2011,
	title = {Effects of age and loading rate on equine cortical bone failure},
	volume = {4},
	issn = {17516161},
	url = {http://linkinghub.elsevier.com/retrieve/pii/S1751616110001293},
	doi = {10.1016/j.jmbbm.2010.09.006},
	number = {1},
	note = "[Accessed on 2013-06-04]",
	journal = {Journal of the Mechanical Behavior of Biomedical Materials},
	author = {Kulin, Robb M. and Jiang, Fengchun and Vecchio, Kenneth S.},
	month = jan,
	year = {2011},
	pages = {57--75},
},

@article{kulin_loading_2011,
	title = {Loading rate effects on the R-curve behavior of cortical bone},
	volume = {7},
	issn = {1742-7061},
	url = {http://www.sciencedirect.com/science/article/pii/S174270611000437X},
	doi = {10.1016/j.actbio.2010.09.027},
	number = {2},
	note = "[Accessed on 2011-10-24]",
	journal = {Acta Biomaterialia},
	author = {Kulin, Robb M. and Jiang, Fengchun and Vecchio, Kenneth S.},
	month = feb,
	year = {2011},
	pages = {724--732},
},

@article{lefaivre_changes_2011,
	title = {Changes in first hip fracture rates in British Columbia Canada, 1990{\textendash}2004},
	volume = {22},
	issn = {0937-{941X}, 1433-2965},
	url = {http://www.springerlink.com/content/g46gp40740235114/},
	doi = {10.1007/s00198-010-1488-7},
	number = {11},
	note = "[Accessed on 2011-09-13]",
	journal = {Osteoporosis International},
	author = {Lefaivre, K. A. and Levy, A. R. and Sobolev, B. and Cheng, S. Y. and Kuramoto, L. and Guy, P.},
	month = jan,
	year = {2011},
	pages = {2817--2827},
},

@article{leslie_fracture_2011,
	title = {Fracture Burden in Relation to Low Bone Mineral Density and {FRAX{\textregistered}} Probability},
	volume = {14},
	issn = {1094-6950},
	url = {http://www.sciencedirect.com/science/article/pii/S1094695011001090},
	doi = {16/j.jocd.2011.04.010},
	number = {3},
	note = "[Accessed on 2011-08-30]",
	journal = {Journal of Clinical Densitometry},
	author = {Leslie, William D. and Morin, Suzanne},
	month = jul,
	year = {2011},
	pages = {279--285},
},

@article{nielson_bmi_2011,
	title = {{BMI} and fracture risk in older men: The osteoporotic fractures in men study ({MrOS)}},
	volume = {26},
	copyright = {Copyright {\textcopyright} 2011 American Society for Bone and Mineral Research},
	issn = {1523-4681},
	shorttitle = {{BMI} and fracture risk in older men},
	doi = {10.1002/jbmr.235},
	number = {3},
	note = "[Accessed on 2013-02-18]",
	journal = {Journal of Bone and Mineral Research},
	author = {Nielson, Carrie M and Marshall, Lynn M and Adams, Annette L and {LeBlanc}, Erin S and Cawthon, Peggy M and Ensrud, Kristine and Stefanick, Marcia L and Barrett-Connor, Elizabeth and Orwoll, Eric S},
	year = {2011},
	pages = {496{\textendash}502},
},

@article{ohman_compressive_2011,
	title = {Compressive behaviour of child and adult cortical bone},
	volume = {49},
	issn = {8756-3282},
	url = {http://www.sciencedirect.com/science/article/pii/S8756328211010763},
	doi = {10.1016/j.bone.2011.06.035},
	number = {4},
	note = "[Accessed on 2013-07-11]",
	journal = {Bone},
	author = {{\"O}hman, Caroline and Baleani, Massimiliano and Pani, Carla and Taddei, Fulvia and Alberghini, Marco and Viceconti, Marco and Manfrini, Marco},
	month = oct,
	year = {2011},
	pages = {769--776},
},

@book{orwoll_osteoporosis_2011,
	address = {New York : Secaucus},
	series = {Contemporary Endocrinology Ser},
	title = {Osteoporosis Pathophysiology and Clinical Management},
	lccn = {BMB Library: WE250.O773 2003},
	url = {http://GW2JH3XR2C.search.serialssolutions.com/?sid=sersol&SS_jc=TC_012881014&title=Osteoporosis},
	note = "[Accessed on 2013-07-26]",
	publisher = {Humana Press Springer [Distributor]},
	author = {Orwoll, Eric S. and {{SpringerLINK} {eBooks} - {English/International} Collection (pre-2005)}},
	collaborator = {Bliziotes, Michael},
	year = {2011},
},

@article{saari_cervical_2011,
	title = {Cervical spinal cord deformation during simulated head-first impact injuries},
	volume = {44},
	issn = {1873-2380},
	url = {http://www.ncbi.nlm.nih.gov/pubmed/21840526},
	doi = {10.1016/j.jbiomech.2011.06.015},
	number = {14},
	note = "[Accessed on 2011-09-05]",
	journal = {Journal of Biomechanics},
	author = {Saari, A and Itshayek, E and Cripton, P A},
	month = aug,
	year = {2011},
	pages = {2565--2571},
},

@book{simon_emergency_2011,
	address = {New York},
	title = {Emergency orthopedics},
	isbn = {9780071625920  0071625925  9780071625937  0071625933  9780071625944  0071625941  9780071632522  0071632522},
	publisher = {{McGraw-Hill} Medical},
	author = {Simon, Robert R},
	year = {2011},
},

@article{song_cost_2011,
	title = {Cost burden of second fracture in the {US} Health System},
	volume = {48},
	issn = {8756-3282},
	url = {http://www.sciencedirect.com/science/article/B6T4Y-51W058M-1/2/66064e3863ec02e19313e580f66cb9a0},
	doi = {10.1016/j.bone.2010.12.021},
	note = "[Accessed on 2011-02-02]",
	journal = {Bone},
	author = {Song, Xue and Shi, Nianwen and Badamgarav, Enkhe and Kallich, Joel and Varker, Helen and Lenhart, Gregory and Curtis, Jeffery R.},
	month = apr,
	year = {2011},
	pages = {828--836},
},

@article{srinivasan_relationship_2011,
	title = {Relationship of femoral neck areal bone mineral density to volumetric bone mineral density, bone size, and femoral strength in men and women},
	volume = {23},
	issn = {0937-{941X}, 1433-2965},
	url = {http://www.springerlink.com/index/10.1007/s00198-011-1822-8},
	doi = {10.1007/s00198-011-1822-8},
	number = {1},
	note = "[Accessed on 2012-01-11]",
	journal = {Osteoporosis International},
	author = {Srinivasan, B. and Kopperdahl, D. L. and Amin, S. and Atkinson, E. J. and Camp, J. and Robb, R. A. and Riggs, B. L. and Orwoll, E. S. and Melton, L. J. and Keaveny, T. M. and Khosla, S.},
	month = nov,
	year = {2011},
	pages = {155--162},
},

@article{szabo_mechanical_2011,
	title = {Mechanical properties of single bovine trabeculae are unaffected by strain rate},
	volume = {44},
	issn = {0021-9290},
	url = {http://www.sciencedirect.com/science/article/pii/S0021929010006962},
	doi = {10.1016/j.jbiomech.2010.12.008},
	number = {5},
	note = "[Accessed on 2012-01-18]",
	journal = {Journal of Biomechanics},
	author = {Szab{\'o}, {M.E.} and Taylor, M. and Thurner, {P.J.}},
	month = mar,
	year = {2011},
	pages = {962--967},
},

@article{warriner_minor_2011,
	title = {Minor, Major, Low-Trauma, and High-Trauma Fractures: What Are the Subsequent Fracture Risks and How Do They Vary?},
	volume = {9},
	issn = {1544-1873},
	shorttitle = {Minor, Major, Low-Trauma, and High-Trauma Fractures},
	doi = {10.1007/s11914-011-0064-1},
	number = {3},
	note = "[Accessed on 2012-06-27]",
	journal = {Current Osteoporosis Reports},
	author = {Warriner, Amy and Patkar, Nivedita and Yun, Huifeng and Delzell, Elizabeth},
	year = {2011},
	pages = {122--128},
},

@article{wolfram_damage_2011,
	title = {Damage accumulation in vertebral trabecular bone depends on loading mode and direction},
	volume = {44},
	number = {6},
	journal = {Journal of Biomechanics},
	author = {Wolfram, U. and Wilke, H. J and Zysset, P. K},
	year = {2011},
	pages = {1164{\textendash}1169},
},

@misc{clinicaltrials.gov_flooring_2012,
	title = {Flooring for Injury Prevention Trial - Full Text View - {ClinicalTrials.gov}},
	url = {http://clinicaltrials.gov/ct2/show/NCT01618786},
	note = "[Accessed on 2013-08-08]",
	author = {{{ClinicalTrials.gov}}},
	year = {2012},
},

@article{grassi_accuracy_2012,
	title = {Accuracy of finite element predictions in sideways load configurations for the proximal human femur},
	volume = {45},
	issn = {1873-2380},
	doi = {10.1016/j.jbiomech.2011.10.019},
	number = {2},
	journal = {Journal of biomechanics},
	author = {Grassi, L and Schileo, E and Taddei, F and Zani, L and Juszczyk, M and Cristofolini, L and Viceconti, M},
	month = jan,
	year = {2012},
	note = {{PMID:} 22079387},
	pages = {394--399},
},

@article{hussein_digital_2012,
	title = {Digital Volume Correlation for Study of the Mechanics of Whole Bones},
	volume = {4},
	issn = {2210-9838},
	url = {http://www.ncbi.nlm.nih.gov/pmc/articles/PMC3547983/},
	doi = {10.1016/j.piutam.2012.05.013},
	note = "[Accessed on 2013-08-22]",
	journal = {Procedia {IUTAM}},
	author = {Hussein, Amira I and Barbone, Paul E and Morgan, Elise F.},
	year = {2012},
	note = {{PMID:} 23336099
{PMCID:} {PMC3547983}},
	pages = {116--125},
},

@misc{inversitus_prostatic_2012,
	title = {Prostatic stone},
	copyright = {Creative Commons Attribution-Share Alike 3.0 Unported},
	url = {http://upload.wikimedia.org/wikipedia/commons/3/34/Prostatic_stone.jpg},
	author = {{Inversitus}},
	month = may,
	year = {2012},
	note = "[Accessed on 2014-01-11]",
},

@misc{konrad_compact_2009,
	title = {Compact bone},
	author = {Konrad, Lord of},
	copyright = {public domain},
	url = {http://commons.wikimedia.org/wiki/File:Compact_bone.png},
	year = {2009},
	note = "[Accessed on 2014-01-11]",
},

@article{kacenjar_performance_2012,
	title = {A performance assessment on the effectiveness of digital image registration methods},
	volume = {8294},
	issn = {{0277786X}},
	url = {http://spiedigitallibrary.org/proceedings/resource/2/psisdg/8294/1/82940V_1?isAuthorized=no},
	doi = {doi:10.1117/12.912087},
	number = {1},
	note = "[Accessed on 2012-01-29]",
	journal = {Proceedings of {SPIE}},
	author = {Kacenjar, Steve and Li, Bing and Ostrow, Alan},
	month = jan,
	year = {2012},
	pages = {82940V--82940V-8},
},

@article{koivumaki_ct-based_2012,
	title = {{CT-based} finite element models can be used to estimate experimentally measured failure loads in the proximal femur},
	volume = {50},
	issn = {8756-3282},
	url = {http://www.sciencedirect.com/science/article/pii/S8756328212000221},
	doi = {10.1016/j.bone.2012.01.012},
	number = {4},
	note = "[Accessed on 2013-08-05]",
	journal = {Bone},
	author = {Koivum{\"a}ki, Janne {E.M.} and Thevenot, J{\'e}r{\^o}me and Pulkkinen, Pasi and Kuhn, Volker and Link, Thomas M. and Eckstein, Felix and J{\"a}ms{\"a}, Timo},
	month = apr,
	year = {2012},
	pages = {824--829},
},

@article{lee_susceptibility_2012,
	title = {The susceptibility of the femoral neck to fracture: An assessment incorporating the effects of age-remodeling and stress reduction},
	volume = {45},
	issn = {00219290},
	shorttitle = {The susceptibility of the femoral neck to fracture},
	url = {http://linkinghub.elsevier.com/retrieve/pii/S0021929012000632},
	doi = {10.1016/j.jbiomech.2012.01.021},
	number = {6},
	note = "[Accessed on 2013-06-04]",
	journal = {Journal of Biomechanics},
	author = {Lee, Taeyong and Rammohan, Abhishek V. and Chan, Ally and Beng Chye Tan, Vincent and Das De, Shamal and Link, Thomas M. and Eckstein, Felix and Schafer, Benjamin W.},
	month = apr,
	year = {2012},
	pages = {931--937},
},

@techreport{mindways_ct_qct_2012,
	title = {{QCT} vs. {DEXA:} What's the Score?},
	url = {http://nonaplayground.co.za/mindways/wp-content/uploads/2012/11/Whitepaper_Final.pdf},
	note = "[Accessed on 2013-07-26]",
	institution = {Mindways {CT}},
	author = {{Mindways {CT}}},
	month = aug,
	year = {2012},
},

@article{naylor_use_2012,
	title = {The use of {DXA} based finite element analysis of the proximal femur in a longitudinal study of hip fracture},
	volume = {28},
	copyright = {Copyright {\textcopyright} 2012 American Society for Bone and Mineral Research},
	issn = {1523-4681},
	doi = {10.1002/jbmr.1856},
	number = {5},
	note = "[Accessed on 2013-01-31]",
	journal = {Journal of Bone and Mineral Research},
	author = {Naylor, K E and {McCloskey}, E V and Eastell, R and Yang, L},
	year = {2012},
	pages = {1014--1021},
},

@article{poole_cortical_2012,
	title = {Cortical Thickness Mapping to Identify Focal Osteoporosis in Patients with Hip Fracture},
	volume = {7},
	issn = {1932-6203},
	url = {http://dx.plos.org/10.1371/journal.pone.0038466},
	doi = {10.1371/journal.pone.0038466},
	number = {6},
	note = "[Accessed on 2012-06-17]",
	journal = {{PLoS} {ONE}},
	author = {Poole, Kenneth E. S. and Treece, Graham M. and Mayhew, Paul M. and Vacul{\'i}k, Jan and Dungl, Pavel and Hor{\'a}k, Martin and {\v S}t{\v e}p{\'a}n, Jan J. and Gee, Andrew H.},
	editor = {Shi, Xing-Ming},
	month = jun,
	year = {2012},
	pages = {e38466},
},

@article{poutiainen_comparison_2012,
	title = {Comparison of impact characteristics of four different ice hockey arena dasher boards},
	issn = {1746-1391, 1536-7290},
	url = {http://www.tandfonline.com/doi/abs/10.1080/17461391.2012.725106},
	doi = {10.1080/17461391.2012.725106},
	note = "[Accessed on 2013-08-16]",
	journal = {European Journal of Sport Science},
	author = {Poutiainen, Piritta and Peltonen, Jussi and Isolehto, Juha and Avela, Janne},
	month = oct,
	year = {2012},
	pages = {1--8},
},

@article{tarride_burden_2012,
	title = {The burden of illness of osteoporosis in {C}anada},
	volume = {23},
	issn = {0937-{941X}},
	url = {http://www.ncbi.nlm.nih.gov/pmc/articles/PMC3483095/},
	doi = {10.1007/s00198-012-1931-z},
	number = {11},
	note = "[Accessed on 2013-07-25]",
	journal = {Osteoporosis International},
	author = {Tarride, J.-E. and Hopkins, R. B. and Leslie, W. D. and Morin, S. and Adachi, J. D. and Papaioannou, A. and Bessette, L. and Brown, J. P. and Goeree, R.},
	month = nov,
	year = {2012},
	pages = {2591--2600},
},

@article{yazar_is_2012,
	title = {Is there any relation between distal parameters of the femur and its height and width?},
	volume = {34},
	issn = {0930-1038, 1279-8517},
	url = {http://link.springer.com/article/10.1007/s00276-011-0847-1},
	doi = {10.1007/s00276-011-0847-1},
	number = {2},
	note = "[Accessed on 2013-06-28]",
	journal = {Surgical and Radiologic Anatomy},
	author = {Yazar, Fatih and Imre, Nurcan and Battal, Bilal and Bilgic, Serkan and Tayfun, Cem},
	month = mar,
	year = {2012},
	note = {Cited by 0004},
	pages = {125--132},
},

@misc{bank_of_canada_inflation_2013,
	title = {Inflation Calculator - Bank of Canada},
	url = {http://www.bankofcanada.ca/rates/related/inflation-calculator/},
	note = "[Accessed on 2013-07-25]",
	author = {{Bank of Canada}},
	year = {2013},
},

@misc{bureau_of_labor_statistics_cpi_2013,
	title = {{CPI} Inflation Calculator},
	url = {http://data.bls.gov/cgi-bin/cpicalc.pl},
	note = "[Accessed on 2013-07-25]",
	author = {{Bureau of Labor Statistics}},
	year = {2013},
},

@article{gilchrist_development_2013,
	title = {Development of an Inertia-Driven Model of Sideways Fall for Detailed Study of Femur Fracture Mechanics},
	volume = {135},
	issn = {0148-0731},
	url = {http://dx.doi.org/10.1115/1.4025390},
	doi = {10.1115/1.4025390},
	number = {12},
	note = "[Accessed on 2013-10-23]",
	journal = {Journal of Biomechanical Engineering},
	author = {Gilchrist, Seth and Guy, Pierre and Cripton, Peter A},
	month = oct,
	year = {2013},
	pages = {121001--121001},
},

@article{li_comparison_2013,
	title = {Comparison of impact force attenuation by various combinations of hip protector and flooring material using a simplified fall-impact simulationdevice},
	volume = {46},
	issn = {0021-9290},
	url = {http://www.sciencedirect.com/science/article/pii/S0021929013000353},
	doi = {10.1016/j.jbiomech.2013.01.007},
	number = {6},
	note = "[Accessed on 2013-03-16]",
	journal = {Journal of Biomechanics},
	author = {Li, Ning and Tsushima, Eiki and Tsushima, Hitoshi},
	month = apr,
	year = {2013},
	pages = {1140--6},
},

@article{nawathe_microstructural_2013,
	title = {Microstructural failure mechanisms in the human proximal femur for sideways fall loading},
	copyright = {Copyright {\textcopyright} 2013 American Society for Bone and Mineral Research},
	issn = {1523-4681},
	doi = {10.1002/jbmr.2033},
	note = "[Accessed on 2013-07-16]",
	journal = {Journal of Bone and Mineral Research},
	author = {Nawathe, Shashank and Akhlaghpour, Hosna and Bouxsein, Mary L. and Keaveny, Tony M.},
	year = {2013},
},

@article{nishiyama_proximal_2013,
	title = {Proximal femur bone strength estimated by a computationally fast finite element analysis in a sideways fall configuration},
	volume = {46},
	issn = {0021-9290},
	url = {http://www.sciencedirect.com/science/article/pii/S002192901300105X},
	doi = {10.1016/j.jbiomech.2013.02.025},
	number = {7},
	note = "[Accessed on 2013-05-13]",
	journal = {Journal of Biomechanics},
	author = {Nishiyama, Kyle K. and Gilchrist, Seth and Guy, Pierre and Cripton, Peter and Boyd, Steven K.},
	month = apr,
	year = {2013},
	pages = {1231--1236},
},

@misc{omega_engineering_19mm_2013,
	title = {19mm Diameter Stainless Steel Compression Load Cell, Metric, 0-100 to 0-5000 Newtons},
	url = {http://www.omega.com/pptst/LCM302.html},
	note = "[Accessed on 2013-09-05]",
	journal = {{LCM302} Load cell},
	author = {{Omega Engineering}},
	year = {2013},
},

@incollection{parkinson_characterisation_2013,
	series = {Studies in Mechanobiology, Tissue Engineering and Biomaterials},
	title = {Characterisation of Trabecular Bone Structure},
	copyright = {{\textcopyright}2013 Springer-Verlag Berlin Heidelberg},
	isbn = {978-3-642-18052-1, 978-3-642-18053-8},
	url = {http://link.springer.com/chapter/10.1007/8415_2011_113},
	number = {5},
	note = "[Accessed on 2013-07-23]",
	booktitle = {Skeletal Aging and Osteoporosis},
	publisher = {Springer Berlin Heidelberg},
	author = {Parkinson, Ian H. and Fazzalari, Nicola L.},
	editor = {Silva, Matthew J.},
	month = jan,
	year = {2013},
	pages = {31--51},
},

@article{haines_hip_2006,
	title = {Hip protector use amongst older hospital inpatients: compliance and functional consequences},
	volume = {35},
	url = {http://ageing.oxfordjournals.org/content/35/5/520.short},
	doi = {10.1093/ageing/afl020},
	number = {5},
	urldate = {2011-09-01},
	journal = {Age and Ageing},
	author = {Haines, Terry P. and Hill, Keith D. and Bennell, Kim L. and Osborne, Richard H.},
	month = sep,
	year = {2006},
	pages = {520 --523},
},

@article{cummings_risk_1995,
	title = {Risk factors for hip fracture in white women. Study of Osteoporotic Fractures Research Group},
	volume = {332},
	url = {http://www.ncbi.nlm.nih.gov/entrez/query.fcgi?cmd=Retrieve&db=PubMed&dopt=Citation&list_uids=7862179},
	urldate = {2014-03-20},
	number = {12},
	journal = {N Engl J Med},
	author = {Cummings, S. R. and Nevitt, M. C. and Browner, W. S. and Stone, K. and Fox, K. M. and Ensrud, K. E. and Cauley, J. and Black, D. and Vogt, T. M.},
	year = {1995},
	pages = {767--73},
},

@article{babuska_verification_2004,
	title = {Verification and validation in computational engineering and science: basic concepts},
	volume = {193},
	url = {http://www.sciencedirect.com/science/article/pii/S0045782504001781},
	doi = {10.1016/j.cma.2004.03.002},
	number = {36{\textendash}38},
	urldate = {2014-03-21},
	journal = {Computer Methods in Applied Mechanics and Engineering},
	author = {Babuska, Ivo and Oden, J. Tinsley},
	month = sep,
	year = {2004},
	pages = {4057--4066},
},