@preamble{ " \newcommand{\noop}[1]{} " } % a do-nothing command that serves a purpose

@article{gilchrist_mechanics_2013,
	title = {Impact and constant displacement rate loading changes the response of the femur in fall simulation},
	journal = {Journal of Biomechanics},
	author = {Seth Gilchrist and Kyle K. Nishiyama and Peter de Bakker and Pierre Guy and Steven K. Boyd and Tom Oxland and Peter A. Cripton},
	year = {2013},
	number = {Conditionally Accepted},
},

@article{gilchrist_fracture_2013,
	title = {Surface strains, fracture patterns and initial failure locations of proximal femurs loaded using fall simulation and quasi-static testing},
	journal = {Osteoporosis International},
	author = {Seth Gilchrist and Pierre Guy and Kyle K.\ Nishiyama and Steven K.\ Boyd and Peter A.\ Cripton},
	year = {2013},
	number = {In Preparation},
}

@article{helgason_QS_2013,
	title = {On the development of A Balanced Experimental-computational Approach to Understanding proximal Femur Fracture Mechanics},
	journal = {Mechanical Engineering and Physics},
	author = {Ben Helgason and Seth Gichrist and Oscar Ariza and Jason Chack and G.~Zheng and R.~P.~Widmer and Stephen Ferguson and Pierre Guy and Peter~A.~Cripton},
	year = {2013},
	number = {Conditionally Accepted}
}
